<?xml version="1.0" encoding="UTF-8"?>
<!DOCTYPE html PUBLIC "-//W3C//DTD XHTML 1.0 Transitional//EN"
    "http://www.w3.org/TR/xhtml1/DTD/xhtml1-transitional.dtd">
<html xmlns="http://www.w3.org/1999/xhtml" xml:lang="en" lang="en">
 <head>
  <title>
</title>
<meta http-equiv="Content-Type" content="text/html;charset=utf-8" />
  <meta name='ocr-system' content='tesseract 3.04.00' />
  <meta name='ocr-capabilities' content='ocr_page ocr_carea ocr_par ocr_line ocrx_word'/>
</head>
<body>
  <div class='ocr_page' id='page_1' title='image "./detacitosenecae00zimmgoog_0135.png"; bbox 0 0 3459 5200; ppageno 0'>
   <div class='ocr_carea' id='block_1_1' title="bbox 924 394 967 460">
    <p class='ocr_par' dir='ltr' id='par_1_1' title="bbox 924 394 967 460">
     <span class='ocr_line' id='line_1_1' title="bbox 924 394 967 460; baseline 0 0"><span class='ocrx_word' id='word_1_1' title='bbox 924 394 967 460; x_wconf 83' lang='lat'><strong>38</strong></span> 
     </span>
    </p>
   </div>
   <div class='ocr_carea' id='block_1_2' title="bbox 836 487 1050 495">
    <p class='ocr_par' dir='ltr' id='par_1_2' title="bbox 836 487 1050 495">
     <span class='ocr_line' id='line_1_2' title="bbox 836 487 1050 495; baseline 0.005 -2"><span class='ocrx_word' id='word_1_2' title='bbox 836 487 1050 495; x_wconf 55' lang='lat'><strong>*-</strong></span> 
     </span>
    </p>
   </div>
   <div class='ocr_carea' id='block_1_3' title="bbox 327 608 1563 1341">
    <p class='ocr_par' dir='ltr' id='par_1_3' title="bbox 327 608 1563 911">
     <span class='ocr_line' id='line_1_3' title="bbox 327 608 1562 695; baseline 0.001 -19"><span class='ocrx_word' id='word_1_3' title='bbox 327 609 462 677; x_wconf 88' lang='lat' dir='ltr'><strong>Narciss</strong></span> <span class='ocrx_word' id='word_1_4' title='bbox 501 610 596 678; x_wconf 89' lang='lat' dir='ltr'><strong>sieht</strong></span> <span class='ocrx_word' id='word_1_5' title='bbox 630 610 700 676; x_wconf 89' lang='lat' dir='ltr'><strong>sein</strong></span> <span class='ocrx_word' id='word_1_6' title='bbox 742 609 876 691; x_wconf 85' lang='lat' dir='ltr'><strong>eigeues</strong></span> <span class='ocrx_word' id='word_1_7' title='bbox 917 608 995 677; x_wconf 92' lang='lat' dir='ltr'><strong>Bild</strong></span> <span class='ocrx_word' id='word_1_8' title='bbox 1028 608 1062 675; x_wconf 94' lang='lat' dir='ltr'><strong>in</strong></span> <span class='ocrx_word' id='word_1_9' title='bbox 1098 610 1188 676; x_wconf 89' lang='lat' dir='ltr'><strong>einer</strong></span> <span class='ocrx_word' id='word_1_10' title='bbox 1226 610 1340 695; x_wconf 76' lang='lat' dir='ltr'><strong>Qnelle</strong></span> <span class='ocrx_word' id='word_1_11' title='bbox 1382 610 1448 677; x_wconf 90' lang='lat' dir='ltr'><strong>und</strong></span> <span class='ocrx_word' id='word_1_12' title='bbox 1486 618 1562 677; x_wconf 90' lang='lat' dir='ltr'><strong>ent-</strong></span> 
     </span>
     <span class='ocr_line' id='line_1_4' title="bbox 329 716 1563 799; baseline 0 -15"><span class='ocrx_word' id='word_1_13' title='bbox 329 720 450 784; x_wconf 88' lang='lat' dir='ltr'><strong>brenut</strong></span> <span class='ocrx_word' id='word_1_14' title='bbox 483 717 517 783; x_wconf 93' lang='lat' dir='ltr'><strong>in</strong></span> <span class='ocrx_word' id='word_1_15' title='bbox 548 717 676 784; x_wconf 89' lang='lat' dir='ltr'><strong>solcher</strong></span> <span class='ocrx_word' id='word_1_16' title='bbox 698 716 801 784; x_wconf 90' lang='lat' dir='ltr'><strong>Liebe</strong></span> <span class='ocrx_word' id='word_1_17' title='bbox 824 736 866 783; x_wconf 85' lang='lat' dir='ltr'><strong>zu</strong></span> <span class='ocrx_word' id='word_1_18' title='bbox 889 717 961 784; x_wconf 89' lang='lat' dir='ltr'><strong>sich</strong></span> <span class='ocrx_word' id='word_1_19' title='bbox 985 718 1106 799; x_wconf 91' lang='lat' dir='ltr'><strong>selbst,</strong></span> <span class='ocrx_word' id='word_1_20' title='bbox 1141 718 1219 784; x_wconf 87' lang='lat' dir='ltr'><strong>dass</strong></span> <span class='ocrx_word' id='word_1_21' title='bbox 1248 718 1333 784; x_wconf 88' lang='lat' dir='ltr'><strong>auch</strong></span> <span class='ocrx_word' id='word_1_22' title='bbox 1361 737 1398 784; x_wconf 90' lang='lat' dir='ltr'><strong>er</strong></span> <span class='ocrx_word' id='word_1_23' title='bbox 1425 717 1497 785; x_wconf 89' lang='lat' dir='ltr'><strong>sich</strong></span> <span class='ocrx_word' id='word_1_24' title='bbox 1519 736 1563 784; x_wconf 90' lang='lat' dir='ltr'><strong>zu</strong></span> 
     </span>
     <span class='ocr_line' id='line_1_5' title="bbox 329 826 635 911; baseline 0 -21"><span class='ocrx_word' id='word_1_25' title='bbox 329 826 420 893; x_wconf 82' lang='lat' dir='ltr'><strong>Fode</strong></span> <span class='ocrx_word' id='word_1_26' title='bbox 443 826 635 911; x_wconf 83' lang='lat' dir='ltr'><strong>abh&#39;armt.¹)</strong></span> 
     </span>
    </p>

    <p class='ocr_par' dir='ltr' id='par_1_4' title="bbox 329 931 1562 1341">
     <span class='ocr_line' id='line_1_6' title="bbox 418 931 1561 1016; baseline 0.001 -18"><span class='ocrx_word' id='word_1_27' title='bbox 418 932 465 999; x_wconf 85' lang='lat' dir='ltr'><strong>Fs</strong></span> <span class='ocrx_word' id='word_1_28' title='bbox 494 932 539 999; x_wconf 92' lang='lat' dir='ltr'><strong>ist</strong></span> <span class='ocrx_word' id='word_1_29' title='bbox 570 931 747 1016; x_wconf 85' lang='lat' dir='ltr'><strong>natbrlich,</strong></span> <span class='ocrx_word' id='word_1_30' title='bbox 788 932 865 999; x_wconf 88' lang='lat' dir='ltr'><strong>dass</strong></span> <span class='ocrx_word' id='word_1_31' title='bbox 903 932 1011 999; x_wconf 92' lang='lat' dir='ltr'><strong>dieses</strong></span> <span class='ocrx_word' id='word_1_32' title='bbox 1042 932 1275 1000; x_wconf 82' lang='lat' dir='ltr'><strong>Einschreiten</strong></span> <span class='ocrx_word' id='word_1_33' title='bbox 1314 933 1374 999; x_wconf 89' lang='lat' dir='ltr'><strong>der</strong></span> <span class='ocrx_word' id='word_1_34' title='bbox 1409 933 1561 999; x_wconf 83' lang='lat' dir='ltr'><strong>Nemesis</strong></span> 
     </span>
     <span class='ocr_line' id='line_1_7' title="bbox 329 1038 1561 1126; baseline 0.002 -20"><span class='ocrx_word' id='word_1_35' title='bbox 329 1039 417 1107; x_wconf 87' lang='lat' dir='ltr'><strong>allen</strong></span> <span class='ocrx_word' id='word_1_36' title='bbox 447 1040 551 1107; x_wconf 83' lang='lat' dir='ltr'>denen</span> <span class='ocrx_word' id='word_1_37' title='bbox 583 1039 666 1106; x_wconf 92' lang='lat' dir='ltr'><strong>hocb</strong></span> <span class='ocrx_word' id='word_1_38' title='bbox 701 1038 920 1107; x_wconf 88' lang='lat' dir='ltr'><strong>willkommen</strong></span> <span class='ocrx_word' id='word_1_39' title='bbox 951 1060 1037 1126; x_wconf 89' lang='lat' dir='ltr'><strong>war,</strong></span> <span class='ocrx_word' id='word_1_40' title='bbox 1072 1041 1125 1108; x_wconf 93' lang='lat' dir='ltr'><strong>die</strong></span> <span class='ocrx_word' id='word_1_41' title='bbox 1158 1042 1341 1125; x_wconf 88' lang='lat' dir='ltr'><strong>vergebens</strong></span> <span class='ocrx_word' id='word_1_42' title='bbox 1372 1059 1424 1106; x_wconf 91' lang='lat' dir='ltr'><strong>nm</strong></span> <span class='ocrx_word' id='word_1_43' title='bbox 1455 1040 1561 1108; x_wconf 92' lang='lat' dir='ltr'><strong>Liebe</strong></span> 
     </span>
     <span class='ocr_line' id='line_1_8' title="bbox 331 1146 1562 1216; baseline 0.001 -2"><span class='ocrx_word' id='word_1_44' title='bbox 331 1149 475 1215; x_wconf 84' lang='lat' dir='ltr'><strong>werhen.</strong></span> <span class='ocrx_word' id='word_1_45' title='bbox 522 1148 583 1214; x_wconf 83' lang='lat' dir='ltr'><strong>Als</strong></span> <span class='ocrx_word' id='word_1_46' title='bbox 612 1148 716 1215; x_wconf 87' lang='lat' dir='ltr'><strong>letzte</strong></span> <span class='ocrx_word' id='word_1_47' title='bbox 738 1146 847 1215; x_wconf 87' lang='lat' dir='ltr'><strong>Watie</strong></span> <span class='ocrx_word' id='word_1_48' title='bbox 871 1149 983 1215; x_wconf 83' lang='lat' dir='ltr'><strong>wrrrde</strong></span> <span class='ocrx_word' id='word_1_49' title='bbox 1007 1148 1041 1215; x_wconf 93' lang='lat' dir='ltr'><strong>in</strong></span> <span class='ocrx_word' id='word_1_50' title='bbox 1065 1149 1197 1215; x_wconf 91' lang='lat' dir='ltr'><strong>solchen</strong></span> <span class='ocrx_word' id='word_1_51' title='bbox 1214 1149 1331 1216; x_wconf 77' lang='lat' dir='ltr'><strong>Fiillen</strong></span> <span class='ocrx_word' id='word_1_52' title='bbox 1355 1147 1562 1216; x_wconf 90' lang='lat' dir='ltr'><strong>schliesslich</strong></span> 
     </span>
     <span class='ocr_line' id='line_1_9' title="bbox 329 1254 1561 1341; baseline -0.001 -19"><span class='ocrx_word' id='word_1_53' title='bbox 329 1256 388 1323; x_wconf 92' lang='lat' dir='ltr'><strong>der</strong></span> <span class='ocrx_word' id='word_1_54' title='bbox 410 1256 499 1322; x_wconf 90' lang='lat' dir='ltr'><strong>Zorn</strong></span> <span class='ocrx_word' id='word_1_55' title='bbox 522 1256 581 1322; x_wconf 89' lang='lat' dir='ltr'><strong>der</strong></span> <span class='ocrx_word' id='word_1_56' title='bbox 604 1254 751 1322; x_wconf 79' lang='lat' dir='ltr'>Nemesis</span> <span class='ocrx_word' id='word_1_57' title='bbox 775 1254 827 1321; x_wconf 89' lang='lat' dir='ltr'><strong>ins</strong></span> <span class='ocrx_word' id='word_1_58' title='bbox 850 1254 934 1322; x_wconf 88' lang='lat' dir='ltr'><strong>Feld</strong></span> <span class='ocrx_word' id='word_1_59' title='bbox 962 1256 1146 1339; x_wconf 84' lang='lat' dir='ltr'><strong>geschickt.</strong></span> <span class='ocrx_word' id='word_1_60' title='bbox 1194 1256 1235 1323; x_wconf 88' lang='lat' dir='ltr'><strong>So</strong></span> <span class='ocrx_word' id='word_1_61' title='bbox 1264 1256 1358 1341; x_wconf 87' lang='lat' dir='ltr'><strong>giebt</strong></span> <span class='ocrx_word' id='word_1_62' title='bbox 1384 1255 1438 1323; x_wconf 88' lang='lat' dir='ltr'><strong>bei</strong></span> <span class='ocrx_word' id='word_1_63' title='bbox 1462 1256 1561 1323; x_wconf 86' lang='lat' dir='ltr'><strong>Alki-</strong></span> 
     </span>
    </p>
   </div>
   <div class='ocr_carea' id='block_1_4' title="bbox 282 1486 1560 2369">
    <p class='ocr_par' dir='ltr' id='par_1_5' title="bbox 282 1486 1560 1829">
     <span class='ocr_line' id='line_1_10' title="bbox 425 1486 1558 1560; baseline 0 -17"><span class='ocrx_word' id='word_1_64' title='bbox 425 1490 445 1560; x_wconf 81' lang='grc' dir='ltr'><strong>ι)</strong></span> <span class='ocrx_word' id='word_1_65' title='bbox 462 1489 525 1559; x_wconf 82' lang='lat' dir='ltr'><strong>Vgl</strong></span> <span class='ocrx_word' id='word_1_66' title='bbox 545 1488 655 1544; x_wconf 89' lang='lat' dir='ltr'><strong>hiermit</strong></span> <span class='ocrx_word' id='word_1_67' title='bbox 684 1488 729 1544; x_wconf 89' lang='lat' dir='ltr'><strong>die</strong></span> <span class='ocrx_word' id='word_1_68' title='bbox 755 1494 847 1543; x_wconf 80' lang='lat' dir='ltr'><strong>ruerat</strong></span> <span class='ocrx_word' id='word_1_69' title='bbox 874 1504 925 1543; x_wconf 85' lang='lat' dir='ltr'><strong>von</strong></span> <span class='ocrx_word' id='word_1_70' title='bbox 954 1489 1060 1559; x_wconf 72' lang='lat' dir='ltr'><strong>angelo</strong></span> <span class='ocrx_word' id='word_1_71' title='bbox 1084 1490 1141 1544; x_wconf 86' lang='lat' dir='ltr'><strong>ilai</strong></span> <span class='ocrx_word' id='word_1_72' title='bbox 1169 1488 1423 1557; x_wconf 79' lang='lat' dir='ltr'><strong>hmarngegebeuen</strong></span> <span class='ocrx_word' id='word_1_73' title='bbox 1447 1486 1558 1557; x_wconf 73' lang='lat' dir='ltr'><strong>mytho</strong></span> 
     </span>
     <span class='ocr_line' id='line_1_11' title="bbox 332 1577 1560 1650; baseline 0.001 -16"><span class='ocrx_word' id='word_1_74' title='bbox 332 1580 462 1650; x_wconf 83' lang='lat' dir='ltr'><strong>graphan,</strong></span> <span class='ocrx_word' id='word_1_75' title='bbox 482 1579 563 1635; x_wconf 89' lang='lat' dir='ltr'><strong>deren</strong></span> <span class='ocrx_word' id='word_1_76' title='bbox 582 1578 676 1646; x_wconf 82' lang='lat' dir='ltr'><strong>Quelle</strong></span> <span class='ocrx_word' id='word_1_77' title='bbox 694 1578 856 1633; x_wconf 76' lang='lat' dir='ltr'><strong>Laetamius</strong></span> <span class='ocrx_word' id='word_1_78' title='bbox 874 1579 1100 1647; x_wconf 82' lang='lat' dir='ltr'><strong>narr.fab.10,4</strong></span> <span class='ocrx_word' id='word_1_79' title='bbox 1118 1595 1143 1649; x_wconf 89' lang='lat' dir='ltr'><strong>p.</strong></span> <span class='ocrx_word' id='word_1_80' title='bbox 1163 1580 1217 1633; x_wconf 77' lang='lat'><strong>858</strong></span> <span class='ocrx_word' id='word_1_81' title='bbox 1235 1596 1273 1646; x_wconf 84' lang='lat' dir='ltr'><strong>sq.</strong></span> <span class='ocrx_word' id='word_1_82' title='bbox 1296 1594 1360 1633; x_wconf 88' lang='lat' dir='ltr'><strong>war.</strong></span> <span class='ocrx_word' id='word_1_83' title='bbox 1398 1577 1446 1633; x_wconf 89' lang='lat' dir='ltr'><strong>leh</strong></span> <span class='ocrx_word' id='word_1_84' title='bbox 1463 1578 1560 1635; x_wconf 85' lang='lat' dir='ltr'><strong>citiere</strong></span> 
     </span>
     <span class='ocr_line' id='line_1_12' title="bbox 328 1667 1560 1737; baseline 0 -13"><span class='ocrx_word' id='word_1_85' title='bbox 328 1670 397 1725; x_wconf 88' lang='lat' dir='ltr'><strong>nach</strong></span> <span class='ocrx_word' id='word_1_86' title='bbox 422 1668 497 1725; x_wconf 92' lang='lat' dir='ltr'><strong>Bode</strong></span> <span class='ocrx_word' id='word_1_87' title='bbox 522 1669 670 1737; x_wconf 78' lang='lat' dir='ltr'><strong>Scriptores</strong></span> <span class='ocrx_word' id='word_1_88' title='bbox 694 1684 784 1723; x_wconf 87' lang='lat' dir='ltr'><strong>rerum</strong></span> <span class='ocrx_word' id='word_1_89' title='bbox 818 1668 929 1737; x_wconf 81' lang='lat' dir='ltr'><strong>mythic.</strong></span> <span class='ocrx_word' id='word_1_90' title='bbox 955 1668 1050 1725; x_wconf 84' lang='lat' dir='ltr'><strong>Latini</strong></span> <span class='ocrx_word' id='word_1_91' title='bbox 1070 1676 1126 1725; x_wconf 92' lang='lat' dir='ltr'><strong>tres</strong></span> <span class='ocrx_word' id='word_1_92' title='bbox 1146 1670 1248 1725; x_wconf 85' lang='lat' dir='ltr'><strong>Romae</strong></span> <span class='ocrx_word' id='word_1_93' title='bbox 1276 1684 1361 1737; x_wconf 83' lang='lat' dir='ltr'><strong>nuper</strong></span> <span class='ocrx_word' id='word_1_94' title='bbox 1386 1667 1488 1737; x_wconf 88' lang='lat' dir='ltr'><strong>reperti</strong></span> <span class='ocrx_word' id='word_1_95' title='bbox 1507 1667 1560 1724; x_wconf 89' lang='lat' dir='ltr'><strong>mit</strong></span> 
     </span>
     <span class='ocr_line' id='line_1_13' title="bbox 282 1745 1558 1829; baseline -0.001 -15"><span class='ocrx_word' id='word_1_96' title='bbox 282 1773 286 1777; x_wconf 87' lang='grc'><em>·</em></span> <span class='ocrx_word' id='word_1_97' title='bbox 331 1758 727 1829; x_wconf 81' lang='lat' dir='ltr'><strong>einigenautneuercollation</strong></span> <span class='ocrx_word' id='word_1_98' title='bbox 736 1745 1105 1829; x_wconf 64' lang='lat' dir='ltr'><strong>bemhandeullnderuugen</strong></span> <span class='ocrx_word' id='word_1_99' title='bbox 1119 1759 1163 1814; x_wconf 91' lang='lat' dir='ltr'><strong>die</strong></span> <span class='ocrx_word' id='word_1_100' title='bbox 1177 1759 1257 1814; x_wconf 93' lang='lat' dir='ltr'><strong>ichO.</strong></span> <span class='ocrx_word' id='word_1_101' title='bbox 1265 1757 1403 1813; x_wconf 87' lang='lat' dir='ltr'><strong>Rossbach</strong></span> <span class='ocrx_word' id='word_1_102' title='bbox 1411 1757 1558 1813; x_wconf 82' lang='lat' dir='ltr'><strong>verdauhe.</strong></span> 
     </span>
    </p>

    <p class='ocr_par' dir='ltr' id='par_1_6' title="bbox 365 1848 1336 1918">
     <span class='ocr_line' id='line_1_14' title="bbox 365 1848 1336 1918; baseline -0.001 -15"><span class='ocrx_word' id='word_1_103' title='bbox 365 1848 458 1904; x_wconf 65' lang='grc'><strong>[185.</strong></span> <span class='ocrx_word' id='word_1_104' title='bbox 495 1848 601 1903; x_wconf 87' lang='lat' dir='ltr'><strong>Fabula</strong></span> <span class='ocrx_word' id='word_1_105' title='bbox 611 1848 736 1918; x_wconf 86' lang='lat' dir='ltr'><strong>Liriopae</strong></span> <span class='ocrx_word' id='word_1_106' title='bbox 746 1854 776 1903; x_wconf 93' lang='lat' dir='ltr'><strong>et</strong></span> <span class='ocrx_word' id='word_1_107' title='bbox 784 1848 913 1904; x_wconf 89' lang='lat' dir='ltr'><strong>Narcissi.</strong></span> <span class='ocrx_word' id='word_1_108' title='bbox 1005 1849 1041 1905; x_wconf 90' lang='lat'><strong>11.</strong></span> <span class='ocrx_word' id='word_1_109' title='bbox 1063 1850 1121 1905; x_wconf 86' lang='lat'><strong>180.</strong></span> <span class='ocrx_word' id='word_1_110' title='bbox 1160 1849 1200 1903; x_wconf 90' lang='lat' dir='ltr'><strong>De</strong></span> <span class='ocrx_word' id='word_1_111' title='bbox 1219 1848 1336 1918; x_wconf 81' lang='lat' dir='ltr'><strong>Alciope.</strong></span> 
     </span>
    </p>

    <p class='ocr_par' dir='ltr' id='par_1_7' title="bbox 329 1936 1560 2369">
     <span class='ocr_line' id='line_1_15' title="bbox 366 1936 1557 2008; baseline -0.002 -15"><span class='ocrx_word' id='word_1_112' title='bbox 366 1937 475 2008; x_wconf 83' lang='lat' dir='ltr'><strong>Liriope</strong></span> <span class='ocrx_word' id='word_1_113' title='bbox 501 1937 625 2006; x_wconf 83' lang='lat' dir='ltr'><strong>Nympha</strong></span> <span class='ocrx_word' id='word_1_114' title='bbox 644 1953 676 1992; x_wconf 89' lang='lat' dir='ltr'><strong>ex</strong></span> <span class='ocrx_word' id='word_1_115' title='bbox 703 1954 781 1993; x_wconf 89' lang='lat' dir='ltr'><strong>amne</strong></span> <span class='ocrx_word' id='word_1_116' title='bbox 799 1938 914 2007; x_wconf 84' lang='lat' dir='ltr'><strong>Cephiso</strong></span> <span class='ocrx_word' id='word_1_117' title='bbox 1006 1938 1118 2007; x_wconf 85' lang='lat' dir='ltr'><strong>Alciope</strong></span> <span class='ocrx_word' id='word_1_118' title='bbox 1137 1938 1260 2007; x_wconf 83' lang='lat' dir='ltr'><strong>Nympha</strong></span> <span class='ocrx_word' id='word_1_119' title='bbox 1283 1952 1317 1993; x_wconf 90' lang='lat' dir='ltr'><strong>ex</strong></span> <span class='ocrx_word' id='word_1_120' title='bbox 1336 1952 1414 1991; x_wconf 89' lang='lat' dir='ltr'><strong>amne</strong></span> <span class='ocrx_word' id='word_1_121' title='bbox 1440 1936 1557 2006; x_wconf 83' lang='lat' dir='ltr'><strong>Cephiso</strong></span> 
     </span>
     <span class='ocr_line' id='line_1_16' title="bbox 329 2025 1560 2099; baseline -0.001 -16"><span class='ocrx_word' id='word_1_122' title='bbox 329 2028 482 2099; x_wconf 84' lang='lat' dir='ltr'><strong>procrearit</strong></span> <span class='ocrx_word' id='word_1_123' title='bbox 513 2028 680 2096; x_wconf 76' lang='lat' dir='ltr'><strong>Narcissum,</strong></span> <span class='ocrx_word' id='word_1_124' title='bbox 721 2027 764 2082; x_wconf 93' lang='lat' dir='ltr'><strong>cui</strong></span> <span class='ocrx_word' id='word_1_125' title='bbox 795 2027 916 2083; x_wconf 84' lang='lat' dir='ltr'><strong>Tiresias</strong></span> <span class='ocrx_word' id='word_1_126' title='bbox 971 2027 1125 2083; x_wconf 80' lang='lat' dir='ltr'><strong>Narcissum</strong></span> <span class='ocrx_word' id='word_1_127' title='bbox 1163 2027 1329 2096; x_wconf 85' lang='lat' dir='ltr'><strong>procrearit,</strong></span> <span class='ocrx_word' id='word_1_128' title='bbox 1361 2026 1404 2081; x_wconf 89' lang='lat' dir='ltr'><strong>cui</strong></span> <span class='ocrx_word' id='word_1_129' title='bbox 1437 2025 1560 2083; x_wconf 75' lang='lat' dir='ltr'><strong>Tiresias</strong></span> 
     </span>
     <span class='ocr_line' id='line_1_17' title="bbox 330 2116 1558 2187; baseline -0.002 -13"><span class='ocrx_word' id='word_1_130' title='bbox 330 2118 421 2174; x_wconf 91' lang='lat' dir='ltr'><strong>omnia</strong></span> <span class='ocrx_word' id='word_1_131' title='bbox 457 2134 586 2187; x_wconf 87' lang='lat' dir='ltr'><strong>prospera</strong></span> <span class='ocrx_word' id='word_1_132' title='bbox 621 2117 760 2187; x_wconf 82' lang='lat' dir='ltr'><strong>pollicitus</strong></span> <span class='ocrx_word' id='word_1_133' title='bbox 797 2125 854 2187; x_wconf 89' lang='lat' dir='ltr'><strong>est,</strong></span> <span class='ocrx_word' id='word_1_134' title='bbox 893 2119 914 2173; x_wconf 91' lang='lat' dir='ltr'><strong>si</strong></span> <span class='ocrx_word' id='word_1_135' title='bbox 972 2117 1062 2173; x_wconf 88' lang='lat' dir='ltr'><strong>omnia</strong></span> <span class='ocrx_word' id='word_1_136' title='bbox 1080 2133 1210 2187; x_wconf 90' lang='lat' dir='ltr'><strong>prospera</strong></span> <span class='ocrx_word' id='word_1_137' title='bbox 1228 2116 1366 2185; x_wconf 84' lang='lat' dir='ltr'><strong>pollicitus</strong></span> <span class='ocrx_word' id='word_1_138' title='bbox 1385 2122 1436 2185; x_wconf 89' lang='lat' dir='ltr'><strong>est,</strong></span> <span class='ocrx_word' id='word_1_139' title='bbox 1455 2116 1479 2171; x_wconf 92' lang='lat' dir='ltr'><strong>si</strong></span> <span class='ocrx_word' id='word_1_140' title='bbox 1497 2116 1558 2185; x_wconf 91' lang='lat' dir='ltr'><strong>pul-</strong></span> 
     </span>
     <span class='ocr_line' id='line_1_18' title="bbox 330 2205 1557 2278; baseline -0.002 -15"><span class='ocrx_word' id='word_1_141' title='bbox 330 2208 540 2278; x_wconf 89' lang='lat' dir='ltr'><strong>pulohritndiuis</strong></span> <span class='ocrx_word' id='word_1_142' title='bbox 564 2224 629 2263; x_wconf 87' lang='lat' dir='ltr'><strong>suae</strong></span> <span class='ocrx_word' id='word_1_143' title='bbox 647 2208 750 2263; x_wconf 93' lang='lat' dir='ltr'><strong>nnllam</strong></span> <span class='ocrx_word' id='word_1_144' title='bbox 776 2207 917 2264; x_wconf 84' lang='lat' dir='ltr'><strong>habuisset</strong></span> <span class='ocrx_word' id='word_1_145' title='bbox 972 2206 1119 2263; x_wconf 88' lang='lat' dir='ltr'><strong>chritudini</strong></span> <span class='ocrx_word' id='word_1_146' title='bbox 1139 2212 1247 2261; x_wconf 89' lang='lat' dir='ltr'><strong>tantum</strong></span> <span class='ocrx_word' id='word_1_147' title='bbox 1261 2221 1327 2261; x_wconf 87' lang='lat' dir='ltr'><strong>suae</strong></span> <span class='ocrx_word' id='word_1_148' title='bbox 1339 2222 1394 2261; x_wconf 90' lang='lat' dir='ltr'><strong>non</strong></span> <span class='ocrx_word' id='word_1_149' title='bbox 1407 2205 1475 2263; x_wconf 89' lang='lat' dir='ltr'><strong>adeo</strong></span> <span class='ocrx_word' id='word_1_150' title='bbox 1494 2222 1557 2261; x_wconf 91' lang='lat' dir='ltr'><strong>con·</strong></span> 
     </span>
     <span class='ocr_line' id='line_1_19' title="bbox 331 2294 1559 2369; baseline -0.002 -16"><span class='ocrx_word' id='word_1_151' title='bbox 331 2297 467 2353; x_wconf 87' lang='lat' dir='ltr'><strong>notitiam.</strong></span> <span class='ocrx_word' id='word_1_152' title='bbox 504 2298 583 2353; x_wconf 89' lang='lat' dir='ltr'><strong>Hunc</strong></span> <span class='ocrx_word' id='word_1_153' title='bbox 600 2298 688 2369; x_wconf 87' lang='lat' dir='ltr'><strong>igitur</strong></span> <span class='ocrx_word' id='word_1_154' title='bbox 706 2312 765 2352; x_wconf 92' lang='lat' dir='ltr'><strong>cum</strong></span> <span class='ocrx_word' id='word_1_155' title='bbox 784 2297 858 2351; x_wconf 81' lang='lat' dir='ltr'><strong>Echo</strong></span> <span class='ocrx_word' id='word_1_156' title='bbox 877 2296 916 2351; x_wconf 93' lang='lat' dir='ltr'><strong>di·</strong></span> <span class='ocrx_word' id='word_1_157' title='bbox 972 2294 1075 2350; x_wconf 88' lang='lat' dir='ltr'><strong>fideret.</strong></span> <span class='ocrx_word' id='word_1_158' title='bbox 1130 2296 1210 2350; x_wconf 92' lang='lat' dir='ltr'><strong>Hunc</strong></span> <span class='ocrx_word' id='word_1_159' title='bbox 1254 2295 1342 2367; x_wconf 87' lang='lat' dir='ltr'><strong>igitur</strong></span> <span class='ocrx_word' id='word_1_160' title='bbox 1373 2296 1462 2363; x_wconf 83' lang='lat' dir='ltr'><strong>Echo,</strong></span> <span class='ocrx_word' id='word_1_161' title='bbox 1501 2296 1559 2351; x_wconf 82' lang='lat' dir='ltr'><strong>iilia</strong></span> 
     </span>
    </p>
   </div>
   <div class='ocr_carea' id='block_1_5' title="bbox 330 2386 920 4775">
    <p class='ocr_par' dir='ltr' id='par_1_8' title="bbox 330 2386 920 4775">
     <span class='ocr_line' id='line_1_20' title="bbox 330 2386 916 2458; baseline -0.003 -15"><span class='ocrx_word' id='word_1_162' title='bbox 330 2388 430 2458; x_wconf 84' lang='lat' dir='ltr'><strong>ligaret</strong></span> <span class='ocrx_word' id='word_1_163' title='bbox 454 2388 611 2455; x_wconf 89' lang='lat' dir='ltr'><strong>nullamque</strong></span> <span class='ocrx_word' id='word_1_164' title='bbox 633 2386 705 2442; x_wconf 75' lang='lat' dir='ltr'><strong>mam</strong></span> <span class='ocrx_word' id='word_1_165' title='bbox 730 2386 852 2457; x_wconf 91' lang='lat' dir='ltr'><strong>potiendi</strong></span> <span class='ocrx_word' id='word_1_166' title='bbox 876 2386 916 2441; x_wconf 89' lang='lat' dir='ltr'><strong>in·</strong></span> 
     </span>
     <span class='ocr_line' id='line_1_21' title="bbox 331 2476 917 2546; baseline -0.002 -15"><span class='ocrx_word' id='word_1_167' title='bbox 331 2478 445 2546; x_wconf 85' lang='lat' dir='ltr'><strong>ueniret,</strong></span> <span class='ocrx_word' id='word_1_168' title='bbox 465 2492 531 2531; x_wconf 90' lang='lat' dir='ltr'><strong>cura</strong></span> <span class='ocrx_word' id='word_1_169' title='bbox 549 2476 663 2546; x_wconf 84' lang='lat' dir='ltr'><strong>iuvenis,</strong></span> <span class='ocrx_word' id='word_1_170' title='bbox 691 2492 769 2544; x_wconf 91' lang='lat' dir='ltr'><strong>quem</strong></span> <span class='ocrx_word' id='word_1_171' title='bbox 788 2476 917 2531; x_wconf 85' lang='lat' dir='ltr'><strong>extremis</strong></span> 
     </span>
     <span class='ocr_line' id='line_1_22' title="bbox 331 2565 916 2636; baseline -0.002 -14"><span class='ocrx_word' id='word_1_172' title='bbox 331 2566 442 2623; x_wconf 84' lang='lat' dir='ltr'><strong>vocibus</strong></span> <span class='ocrx_word' id='word_1_173' title='bbox 460 2573 666 2636; x_wconf 84' lang='lat' dir='ltr'><strong>persequeretur</strong></span> <span class='ocrx_word' id='word_1_174' title='bbox 685 2565 845 2636; x_wconf 86' lang='lat' dir='ltr'><strong>fugientem,</strong></span> <span class='ocrx_word' id='word_1_175' title='bbox 872 2582 916 2622; x_wconf 91' lang='lat' dir='ltr'><strong>ex-</strong></span> 
     </span>
     <span class='ocr_line' id='line_1_23' title="bbox 331 2655 916 2726; baseline -0.003 -14"><span class='ocrx_word' id='word_1_176' title='bbox 331 2657 436 2726; x_wconf 81' lang='lat' dir='ltr'><strong>tabuit3</strong></span> <span class='ocrx_word' id='word_1_177' title='bbox 467 2656 578 2724; x_wconf 88' lang='lat' dir='ltr'><strong>eiusque</strong></span> <span class='ocrx_word' id='word_1_178' title='bbox 603 2655 721 2726; x_wconf 91' lang='lat' dir='ltr'><strong>corporis</strong></span> <span class='ocrx_word' id='word_1_179' title='bbox 738 2655 870 2724; x_wconf 89' lang='lat' dir='ltr'><strong>reliquiae</strong></span> <span class='ocrx_word' id='word_1_180' title='bbox 889 2656 916 2710; x_wconf 92' lang='lat' dir='ltr'><strong>in</strong></span> 
     </span>
     <span class='ocr_line' id='line_1_24' title="bbox 331 2744 918 2816; baseline -0.003 -14"><span class='ocrx_word' id='word_1_181' title='bbox 331 2746 449 2816; x_wconf 77' lang='lat' dir='ltr'><strong>lapidem</strong></span> <span class='ocrx_word' id='word_1_182' title='bbox 463 2762 558 2802; x_wconf 87' lang='lat' dir='ltr'><strong>versae</strong></span> <span class='ocrx_word' id='word_1_183' title='bbox 571 2751 643 2801; x_wconf 90' lang='lat' dir='ltr'><strong>snut.</strong></span> <span class='ocrx_word' id='word_1_184' title='bbox 680 2745 756 2812; x_wconf 79' lang='lat' dir='ltr'><strong>Quod</strong></span> <span class='ocrx_word' id='word_1_185' title='bbox 775 2745 800 2800; x_wconf 90' lang='lat' dir='ltr'><strong>ei</strong></span> <span class='ocrx_word' id='word_1_186' title='bbox 819 2744 918 2801; x_wconf 87' lang='lat' dir='ltr'><strong>incidit</strong></span> 
     </span>
     <span class='ocr_line' id='line_1_25' title="bbox 331 2834 917 2906; baseline -0.007 -13"><span class='ocrx_word' id='word_1_187' title='bbox 331 2837 443 2893; x_wconf 92' lang='lat' dir='ltr'><strong>Iunonis</strong></span> <span class='ocrx_word' id='word_1_188' title='bbox 461 2836 513 2905; x_wconf 89' lang='lat' dir='ltr'><strong>ira,</strong></span> <span class='ocrx_word' id='word_1_189' title='bbox 532 2835 597 2904; x_wconf 90' lang='lat' dir='ltr'><strong>quia</strong></span> <span class='ocrx_word' id='word_1_190' title='bbox 609 2834 775 2906; x_wconf 84' lang='lat' dir='ltr'><strong>garrulitate</strong></span> <span class='ocrx_word' id='word_1_191' title='bbox 794 2851 844 2890; x_wconf 91' lang='lat' dir='ltr'><strong>sna</strong></span> <span class='ocrx_word' id='word_1_192' title='bbox 857 2851 917 2890; x_wconf 88' lang='lat' dir='ltr'><strong>eam</strong></span> 
     </span>
     <span class='ocr_line' id='line_1_26' title="bbox 330 2925 917 2997; baseline -0.007 -13"><span class='ocrx_word' id='word_1_193' title='bbox 330 2943 412 2997; x_wconf 89' lang='lat' dir='ltr'><strong>saepe</strong></span> <span class='ocrx_word' id='word_1_194' title='bbox 442 2933 484 2982; x_wconf 90' lang='lat' dir='ltr'><strong>est</strong></span> <span class='ocrx_word' id='word_1_195' title='bbox 514 2931 634 2996; x_wconf 89' lang='lat' dir='ltr'><strong>morato,</strong></span> <span class='ocrx_word' id='word_1_196' title='bbox 670 2941 705 2981; x_wconf 91' lang='lat' dir='ltr'><strong>ne</strong></span> <span class='ocrx_word' id='word_1_197' title='bbox 735 2925 859 2995; x_wconf 90' lang='lat' dir='ltr'><strong>Iuppiter</strong></span> <span class='ocrx_word' id='word_1_198' title='bbox 888 2925 917 2981; x_wconf 92' lang='lat' dir='ltr'><strong>in</strong></span> 
     </span>
     <span class='ocr_line' id='line_1_27' title="bbox 331 3015 917 3085; baseline -0.005 -13"><span class='ocrx_word' id='word_1_199' title='bbox 331 3017 476 3085; x_wconf 91' lang='lat' dir='ltr'><strong>montibus,</strong></span> <span class='ocrx_word' id='word_1_200' title='bbox 508 3017 571 3071; x_wconf 88' lang='lat' dir='ltr'><strong>dum</strong></span> <span class='ocrx_word' id='word_1_201' title='bbox 602 3021 808 3084; x_wconf 85' lang='lat' dir='ltr'><strong>persequeretur</strong></span> <span class='ocrx_word' id='word_1_202' title='bbox 835 3015 917 3084; x_wconf 87' lang='lat' dir='ltr'><strong>Nym-</strong></span> 
     </span>
     <span class='ocr_line' id='line_1_28' title="bbox 331 3104 918 3176; baseline -0.003 -15"><span class='ocrx_word' id='word_1_203' title='bbox 331 3107 412 3176; x_wconf 86' lang='lat' dir='ltr'><strong>phas,</strong></span> <span class='ocrx_word' id='word_1_204' title='bbox 457 3105 620 3174; x_wconf 86' lang='lat' dir='ltr'><strong>deprehendi</strong></span> <span class='ocrx_word' id='word_1_205' title='bbox 660 3111 760 3174; x_wconf 90' lang='lat' dir='ltr'><strong>posset.</strong></span> <span class='ocrx_word' id='word_1_206' title='bbox 819 3104 918 3159; x_wconf 78' lang='lat' dir='ltr'><strong>Fertur</strong></span> 
     </span>
     <span class='ocr_line' id='line_1_29' title="bbox 330 3194 917 3250; baseline -0.002 0"><span class='ocrx_word' id='word_1_207' title='bbox 330 3196 405 3250; x_wconf 80' lang='lat' dir='ltr'><strong>Eeho</strong></span> <span class='ocrx_word' id='word_1_208' title='bbox 431 3195 490 3250; x_wconf 88' lang='lat' dir='ltr'><strong>iilia</strong></span> <span class='ocrx_word' id='word_1_209' title='bbox 526 3194 637 3250; x_wconf 88' lang='lat' dir='ltr'><strong>Iunonis</strong></span> <span class='ocrx_word' id='word_1_210' title='bbox 667 3204 696 3249; x_wconf 89' lang='lat' dir='ltr'><strong>et</strong></span> <span class='ocrx_word' id='word_1_211' title='bbox 730 3194 764 3249; x_wconf 97' lang='lat' dir='ltr'><strong>ob</strong></span> <span class='ocrx_word' id='word_1_212' title='bbox 792 3194 917 3250; x_wconf 90' lang='lat' dir='ltr'><strong>deformi-</strong></span> 
     </span>
     <span class='ocr_line' id='line_1_30' title="bbox 331 3284 918 3352; baseline 0 -13"><span class='ocrx_word' id='word_1_213' title='bbox 331 3292 417 3339; x_wconf 87' lang='lat' dir='ltr'><strong>tatem</strong></span> <span class='ocrx_word' id='word_1_214' title='bbox 436 3285 465 3340; x_wconf 92' lang='lat' dir='ltr'><strong>in</strong></span> <span class='ocrx_word' id='word_1_215' title='bbox 484 3284 621 3340; x_wconf 88' lang='lat' dir='ltr'><strong>montibus</strong></span> <span class='ocrx_word' id='word_1_216' title='bbox 646 3291 687 3339; x_wconf 91' lang='lat' dir='ltr'><strong>est</strong></span> <span class='ocrx_word' id='word_1_217' title='bbox 712 3284 860 3352; x_wconf 89' lang='lat' dir='ltr'><strong>recondita,</strong></span> <span class='ocrx_word' id='word_1_218' title='bbox 884 3301 918 3339; x_wconf 89' lang='lat' dir='ltr'><strong>ne</strong></span> 
     </span>
     <span class='ocr_line' id='line_1_31' title="bbox 333 3372 916 3443; baseline 0.002 -16"><span class='ocrx_word' id='word_1_219' title='bbox 333 3372 397 3442; x_wconf 91' lang='lat' dir='ltr'><strong>quid</strong></span> <span class='ocrx_word' id='word_1_220' title='bbox 411 3373 469 3428; x_wconf 90' lang='lat' dir='ltr'><strong>eins</strong></span> <span class='ocrx_word' id='word_1_221' title='bbox 481 3381 590 3443; x_wconf 88' lang='lat' dir='ltr'><strong>praeter</strong></span> <span class='ocrx_word' id='word_1_222' title='bbox 602 3389 694 3429; x_wconf 90' lang='lat' dir='ltr'><strong>vocem</strong></span> <span class='ocrx_word' id='word_1_223' title='bbox 707 3372 805 3442; x_wconf 86' lang='lat' dir='ltr'><strong>inspici</strong></span> <span class='ocrx_word' id='word_1_224' title='bbox 817 3380 916 3442; x_wconf 91' lang='lat' dir='ltr'><strong>posset,</strong></span> 
     </span>
     <span class='ocr_line' id='line_1_32' title="bbox 333 3463 916 3533; baseline 0 -15"><span class='ocrx_word' id='word_1_225' title='bbox 333 3478 403 3532; x_wconf 91' lang='lat' dir='ltr'><strong>quae</strong></span> <span class='ocrx_word' id='word_1_226' title='bbox 442 3470 533 3517; x_wconf 88' lang='lat' dir='ltr'><strong>temen</strong></span> <span class='ocrx_word' id='word_1_227' title='bbox 564 3469 626 3533; x_wconf 89' lang='lat' dir='ltr'><strong>post</strong></span> <span class='ocrx_word' id='word_1_228' title='bbox 656 3463 760 3518; x_wconf 86' lang='lat' dir='ltr'><strong>obitum</strong></span> <span class='ocrx_word' id='word_1_229' title='bbox 798 3463 916 3518; x_wconf 88' lang='lat' dir='ltr'><strong>auditur.</strong></span> 
     </span>
     <span class='ocr_line' id='line_1_33' title="bbox 333 3551 917 3621; baseline 0 -14"><span class='ocrx_word' id='word_1_230' title='bbox 333 3551 488 3607; x_wconf 79' lang='lat' dir='ltr'><strong>Narcissum</strong></span> <span class='ocrx_word' id='word_1_231' title='bbox 516 3557 607 3607; x_wconf 72' lang='lat' dir='ltr'><strong>animm</strong></span> <span class='ocrx_word' id='word_1_232' title='bbox 637 3568 719 3621; x_wconf 88' lang='lat' dir='ltr'><strong>supra</strong></span> <span class='ocrx_word' id='word_1_233' title='bbox 750 3553 852 3607; x_wconf 91' lang='lat' dir='ltr'><strong>dictum</strong></span> <span class='ocrx_word' id='word_1_234' title='bbox 884 3553 917 3608; x_wconf 92' lang='lat' dir='ltr'><strong>ob</strong></span> 
     </span>
     <span class='ocr_line' id='line_1_34' title="bbox 331 3640 917 3711; baseline -0.003 -13"><span class='ocrx_word' id='word_1_235' title='bbox 331 3640 443 3698; x_wconf 86' lang='lat' dir='ltr'><strong>nimiam</strong></span> <span class='ocrx_word' id='word_1_236' title='bbox 461 3640 660 3711; x_wconf 87' lang='lat' dir='ltr'><strong>crudelitatem,</strong></span> <span class='ocrx_word' id='word_1_237' title='bbox 686 3658 767 3710; x_wconf 88' lang='lat' dir='ltr'><strong>quam</strong></span> <span class='ocrx_word' id='word_1_238' title='bbox 791 3641 820 3696; x_wconf 91' lang='lat' dir='ltr'><strong>in</strong></span> <span class='ocrx_word' id='word_1_239' title='bbox 844 3642 917 3697; x_wconf 83' lang='lat' dir='ltr'><strong>Echo</strong></span> 
     </span>
     <span class='ocr_line' id='line_1_35' title="bbox 332 3730 918 3801; baseline -0.002 -13"><span class='ocrx_word' id='word_1_240' title='bbox 332 3730 487 3801; x_wconf 81' lang='lat' dir='ltr'><strong>exhibebat,</strong></span> <span class='ocrx_word' id='word_1_241' title='bbox 512 3732 642 3801; x_wconf 87' lang='lat' dir='ltr'><strong>Nemesis,</strong></span> <span class='ocrx_word' id='word_1_242' title='bbox 676 3731 704 3786; x_wconf 93' lang='lat' dir='ltr'><strong>id</strong></span> <span class='ocrx_word' id='word_1_243' title='bbox 730 3737 773 3787; x_wconf 92' lang='lat' dir='ltr'><strong>est</strong></span> <span class='ocrx_word' id='word_1_244' title='bbox 796 3731 918 3788; x_wconf 84' lang='lat' dir='ltr'><strong>Fortuna</strong></span> 
     </span>
     <span class='ocr_line' id='line_1_36' title="bbox 332 3820 917 3891; baseline -0.002 -14"><span class='ocrx_word' id='word_1_245' title='bbox 332 3821 417 3877; x_wconf 87' lang='lat' dir='ltr'><strong>nltrix</strong></span> <span class='ocrx_word' id='word_1_246' title='bbox 442 3820 650 3891; x_wconf 82' lang='lat' dir='ltr'><strong>fastidientium,</strong></span> <span class='ocrx_word' id='word_1_247' title='bbox 677 3821 706 3876; x_wconf 93' lang='lat' dir='ltr'><strong>in</strong></span> <span class='ocrx_word' id='word_1_248' title='bbox 731 3837 849 3877; x_wconf 86' lang='lat' dir='ltr'><strong>amorem</strong></span> <span class='ocrx_word' id='word_1_249' title='bbox 876 3822 917 3877; x_wconf 89' lang='lat' dir='ltr'><strong>sui</strong></span> 
     </span>
     <span class='ocr_line' id='line_1_37' title="bbox 332 3911 918 3981; baseline 0 -15"><span class='ocrx_word' id='word_1_250' title='bbox 332 3911 462 3981; x_wconf 90' lang='lat' dir='ltr'><strong>pertulit,</strong></span> <span class='ocrx_word' id='word_1_251' title='bbox 490 3918 522 3966; x_wconf 92' lang='lat' dir='ltr'><strong>ut</strong></span> <span class='ocrx_word' id='word_1_252' title='bbox 546 3928 600 3966; x_wconf 94' lang='lat' dir='ltr'><strong>non</strong></span> <span class='ocrx_word' id='word_1_253' title='bbox 627 3911 723 3966; x_wconf 91' lang='lat' dir='ltr'><strong>minori</strong></span> <span class='ocrx_word' id='word_1_254' title='bbox 751 3911 861 3966; x_wconf 85' lang='lat' dir='ltr'><strong>flamma</strong></span> <span class='ocrx_word' id='word_1_255' title='bbox 886 3928 918 3966; x_wconf 91' lang='lat' dir='ltr'><strong>ac</strong></span> 
     </span>
     <span class='ocr_line' id='line_1_38' title="bbox 331 3999 916 4068; baseline 0 -12"><span class='ocrx_word' id='word_1_256' title='bbox 331 4001 382 4056; x_wconf 92' lang='lat' dir='ltr'><strong>illa</strong></span> <span class='ocrx_word' id='word_1_257' title='bbox 395 4008 560 4057; x_wconf 86' lang='lat' dir='ltr'><strong>exureretur.</strong></span> <span class='ocrx_word' id='word_1_258' title='bbox 592 4001 717 4068; x_wconf 77' lang='lat' dir='ltr'><strong>Quicum</strong></span> <span class='ocrx_word' id='word_1_259' title='bbox 744 3999 854 4056; x_wconf 89' lang='lat' dir='ltr'><strong>assidua</strong></span> <span class='ocrx_word' id='word_1_260' title='bbox 873 4017 916 4056; x_wconf 83' lang='lat' dir='ltr'><strong>ve·</strong></span> 
     </span>
     <span class='ocr_line' id='line_1_39' title="bbox 332 4089 917 4161; baseline -0.002 -15"><span class='ocrx_word' id='word_1_261' title='bbox 332 4090 445 4146; x_wconf 90' lang='lat' dir='ltr'><strong>natione</strong></span> <span class='ocrx_word' id='word_1_262' title='bbox 475 4091 610 4161; x_wconf 87' lang='lat' dir='ltr'><strong>fatigatus</strong></span> <span class='ocrx_word' id='word_1_263' title='bbox 645 4089 725 4146; x_wconf 88' lang='lat' dir='ltr'><strong>iuxta</strong></span> <span class='ocrx_word' id='word_1_264' title='bbox 755 4090 858 4146; x_wconf 88' lang='lat' dir='ltr'><strong>fontem</strong></span> <span class='ocrx_word' id='word_1_265' title='bbox 889 4089 917 4145; x_wconf 91' lang='lat' dir='ltr'><strong>in</strong></span> 
     </span>
     <span class='ocr_line' id='line_1_40' title="bbox 334 4180 917 4250; baseline -0.002 -15"><span class='ocrx_word' id='word_1_266' title='bbox 334 4197 417 4250; x_wconf 87' lang='lat' dir='ltr'><strong>opaco</strong></span> <span class='ocrx_word' id='word_1_267' title='bbox 430 4180 617 4249; x_wconf 85' lang='lat' dir='ltr'><strong>procubuisset</strong></span> <span class='ocrx_word' id='word_1_268' title='bbox 633 4188 662 4235; x_wconf 92' lang='lat' dir='ltr'><strong>et</strong></span> <span class='ocrx_word' id='word_1_269' title='bbox 674 4180 802 4236; x_wconf 86' lang='lat' dir='ltr'><strong>hauriens</strong></span> <span class='ocrx_word' id='word_1_270' title='bbox 819 4196 917 4249; x_wconf 87' lang='lat' dir='ltr'><strong>aquarn</strong></span> 
     </span>
     <span class='ocr_line' id='line_1_41' title="bbox 333 4269 917 4340; baseline 0 -16"><span class='ocrx_word' id='word_1_271' title='bbox 333 4269 539 4325; x_wconf 88' lang='lat' dir='ltr'><strong>similitudinem</strong></span> <span class='ocrx_word' id='word_1_272' title='bbox 557 4270 599 4324; x_wconf 93' lang='lat' dir='ltr'><strong>sui</strong></span> <span class='ocrx_word' id='word_1_273' title='bbox 624 4271 807 4340; x_wconf 86' lang='lat' dir='ltr'><strong>conspexisset</strong></span> <span class='ocrx_word' id='word_1_274' title='bbox 830 4276 860 4326; x_wconf 87' lang='lat' dir='ltr'><strong>et</strong></span> <span class='ocrx_word' id='word_1_275' title='bbox 878 4270 917 4324; x_wconf 90' lang='lat' dir='ltr'><strong>di-</strong></span> 
     </span>
     <span class='ocr_line' id='line_1_42' title="bbox 332 4359 917 4429; baseline 0.003 -16"><span class='ocrx_word' id='word_1_276' title='bbox 332 4359 408 4414; x_wconf 86' lang='lat' dir='ltr'><strong>utius</strong></span> <span class='ocrx_word' id='word_1_277' title='bbox 439 4359 538 4414; x_wconf 90' lang='lat' dir='ltr'><strong>ibidem</strong></span> <span class='ocrx_word' id='word_1_278' title='bbox 569 4366 733 4429; x_wconf 89' lang='lat' dir='ltr'><strong>moraretur,</strong></span> <span class='ocrx_word' id='word_1_279' title='bbox 770 4359 917 4415; x_wconf 89' lang='lat' dir='ltr'><strong>novissime</strong></span> 
     </span>
     <span class='ocr_line' id='line_1_43' title="bbox 334 4448 918 4519; baseline 0.002 -17"><span class='ocrx_word' id='word_1_280' title='bbox 334 4448 468 4517; x_wconf 91' lang='lat' dir='ltr'><strong>extabuit,</strong></span> <span class='ocrx_word' id='word_1_281' title='bbox 487 4448 529 4504; x_wconf 90' lang='lat' dir='ltr'><strong>ita</strong></span> <span class='ocrx_word' id='word_1_282' title='bbox 547 4455 580 4504; x_wconf 90' lang='lat' dir='ltr'><strong>ut</strong></span> <span class='ocrx_word' id='word_1_283' title='bbox 598 4448 657 4504; x_wconf 86' lang='lat' dir='ltr'><strong>uita</strong></span> <span class='ocrx_word' id='word_1_284' title='bbox 674 4449 837 4519; x_wconf 88' lang='lat' dir='ltr'><strong>privaretur.</strong></span> <span class='ocrx_word' id='word_1_285' title='bbox 876 4449 918 4504; x_wconf 80' lang='lat' dir='ltr'><strong>Ex</strong></span> 
     </span>
     <span class='ocr_line' id='line_1_44' title="bbox 335 4537 920 4607; baseline 0.002 -15"><span class='ocrx_word' id='word_1_286' title='bbox 335 4537 412 4593; x_wconf 91' lang='lat' dir='ltr'><strong>cuins</strong></span> <span class='ocrx_word' id='word_1_287' title='bbox 429 4537 552 4606; x_wconf 90' lang='lat' dir='ltr'><strong>reliquiis</strong></span> <span class='ocrx_word' id='word_1_288' title='bbox 569 4539 620 4594; x_wconf 83' lang='lat' dir='ltr'><strong>ilos</strong></span> <span class='ocrx_word' id='word_1_289' title='bbox 638 4539 741 4607; x_wconf 82' lang='lat' dir='ltr'><strong>extitit,</strong></span> <span class='ocrx_word' id='word_1_290' title='bbox 768 4553 847 4606; x_wconf 86' lang='lat' dir='ltr'><strong>quem</strong></span> <span class='ocrx_word' id='word_1_291' title='bbox 865 4539 920 4593; x_wconf 88' lang='lat' dir='ltr'><strong>Na-</strong></span> 
     </span>
     <span class='ocr_line' id='line_1_45' title="bbox 334 4627 919 4699; baseline -0.002 -16"><span class='ocrx_word' id='word_1_292' title='bbox 334 4627 410 4684; x_wconf 91' lang='lat' dir='ltr'><strong>iades</strong></span> <span class='ocrx_word' id='word_1_293' title='bbox 422 4629 570 4699; x_wconf 80' lang='lat' dir='ltr'><strong>Nymphae,</strong></span> <span class='ocrx_word' id='word_1_294' title='bbox 588 4629 684 4684; x_wconf 88' lang='lat' dir='ltr'><strong>flentes</strong></span> <span class='ocrx_word' id='word_1_295' title='bbox 706 4644 796 4683; x_wconf 78' lang='lat' dir='ltr'><strong>casnm</strong></span> <span class='ocrx_word' id='word_1_296' title='bbox 816 4629 919 4698; x_wconf 88' lang='lat' dir='ltr'><strong>fratris,</strong></span> 
     </span>
     <span class='ocr_line' id='line_1_46' title="bbox 334 4717 739 4775; baseline -0.002 0"><span class='ocrx_word' id='word_1_297' title='bbox 334 4717 455 4775; x_wconf 85' lang='lat' dir='ltr'><strong>Narcissi</strong></span> <span class='ocrx_word' id='word_1_298' title='bbox 473 4717 581 4774; x_wconf 79' lang='lat' dir='ltr'><strong>nornine</strong></span> <span class='ocrx_word' id='word_1_299' title='bbox 599 4723 739 4775; x_wconf 76' lang='lat' dir='ltr'><strong>notarunt.</strong></span> 
     </span>
    </p>
   </div>
   <div class='ocr_carea' id='block_1_6' title="bbox 972 2384 1563 4790">
    <p class='ocr_par' dir='ltr' id='par_1_9' title="bbox 972 2384 1563 4790">
     <span class='ocr_line' id='line_1_47' title="bbox 973 2384 1556 2454; baseline 0.002 -16"><span class='ocrx_word' id='word_1_300' title='bbox 973 2384 1092 2454; x_wconf 91' lang='lat' dir='ltr'><strong>lunonis,</strong></span> <span class='ocrx_word' id='word_1_301' title='bbox 1112 2401 1171 2440; x_wconf 81' lang='lat' dir='ltr'><strong>crum</strong></span> <span class='ocrx_word' id='word_1_302' title='bbox 1185 2384 1313 2454; x_wconf 85' lang='lat' dir='ltr'><strong>diligeret</strong></span> <span class='ocrx_word' id='word_1_303' title='bbox 1331 2390 1360 2440; x_wconf 90' lang='lat' dir='ltr'><strong>et</strong></span> <span class='ocrx_word' id='word_1_304' title='bbox 1372 2384 1414 2441; x_wconf 90' lang='lat' dir='ltr'><strong>sni</strong></span> <span class='ocrx_word' id='word_1_305' title='bbox 1431 2384 1556 2454; x_wconf 91' lang='lat' dir='ltr'><strong>potiendi</strong></span> 
     </span>
     <span class='ocr_line' id='line_1_48' title="bbox 972 2474 1559 2543; baseline 0.002 -15"><span class='ocrx_word' id='word_1_306' title='bbox 972 2474 1045 2529; x_wconf 89' lang='lat' dir='ltr'><strong>viam</strong></span> <span class='ocrx_word' id='word_1_307' title='bbox 1071 2491 1125 2529; x_wconf 92' lang='lat' dir='ltr'><strong>non</strong></span> <span class='ocrx_word' id='word_1_308' title='bbox 1150 2474 1298 2543; x_wconf 86' lang='lat' dir='ltr'><strong>inveniret,</strong></span> <span class='ocrx_word' id='word_1_309' title='bbox 1327 2490 1417 2530; x_wconf 87' lang='lat' dir='ltr'><strong>amore</strong></span> <span class='ocrx_word' id='word_1_310' title='bbox 1443 2474 1559 2543; x_wconf 88' lang='lat' dir='ltr'><strong>iuvenis,</strong></span> 
     </span>
     <span class='ocr_line' id='line_1_49' title="bbox 972 2563 1561 2634; baseline 0 -14"><span class='ocrx_word' id='word_1_311' title='bbox 972 2579 1051 2634; x_wconf 89' lang='lat' dir='ltr'><strong>quem</strong></span> <span class='ocrx_word' id='word_1_312' title='bbox 1064 2564 1194 2620; x_wconf 90' lang='lat' dir='ltr'><strong>extremis</strong></span> <span class='ocrx_word' id='word_1_313' title='bbox 1207 2563 1317 2620; x_wconf 88' lang='lat' dir='ltr'><strong>vocibus</strong></span> <span class='ocrx_word' id='word_1_314' title='bbox 1330 2563 1482 2634; x_wconf 79' lang='lat' dir='ltr'><strong>lugientem</strong></span> <span class='ocrx_word' id='word_1_315' title='bbox 1500 2580 1561 2634; x_wconf 88' lang='lat' dir='ltr'><strong>per·</strong></span> 
     </span>
     <span class='ocr_line' id='line_1_50' title="bbox 973 2653 1559 2724; baseline 0.003 -16"><span class='ocrx_word' id='word_1_316' title='bbox 973 2653 1145 2723; x_wconf 84' lang='lat' dir='ltr'><strong>sequebatur,</strong></span> <span class='ocrx_word' id='word_1_317' title='bbox 1165 2653 1298 2710; x_wconf 88' lang='lat' dir='ltr'><strong>extabuit.</strong></span> <span class='ocrx_word' id='word_1_318' title='bbox 1336 2654 1419 2710; x_wconf 76' lang='lat' dir='ltr'><strong>Cuius</strong></span> <span class='ocrx_word' id='word_1_319' title='bbox 1443 2654 1472 2710; x_wconf 92' lang='lat' dir='ltr'><strong>iu</strong></span> <span class='ocrx_word' id='word_1_320' title='bbox 1490 2655 1559 2724; x_wconf 89' lang='lat' dir='ltr'><strong>lapi-</strong></span> 
     </span>
     <span class='ocr_line' id='line_1_51' title="bbox 974 2742 1561 2804; baseline 0.007 -8"><span class='ocrx_word' id='word_1_321' title='bbox 974 2742 1034 2798; x_wconf 90' lang='lat' dir='ltr'><strong>dem</strong></span> <span class='ocrx_word' id='word_1_322' title='bbox 1045 2759 1139 2800; x_wconf 86' lang='lat' dir='ltr'><strong>versae</strong></span> <span class='ocrx_word' id='word_1_323' title='bbox 1152 2743 1221 2800; x_wconf 90' lang='lat' dir='ltr'><strong>etin</strong></span> <span class='ocrx_word' id='word_1_324' title='bbox 1234 2743 1371 2804; x_wconf 88' lang='lat' dir='ltr'><strong>montibus</strong></span> <span class='ocrx_word' id='word_1_325' title='bbox 1384 2744 1561 2800; x_wconf 86' lang='lat' dir='ltr'><strong>absconditae</strong></span> 
     </span>
     <span class='ocr_line' id='line_1_52' title="bbox 973 2833 1561 2890; baseline 0.003 -2"><span class='ocrx_word' id='word_1_326' title='bbox 973 2851 1024 2888; x_wconf 85' lang='lat' dir='ltr'><strong>uox</strong></span> <span class='ocrx_word' id='word_1_327' title='bbox 1052 2839 1160 2888; x_wconf 87' lang='lat' dir='ltr'><strong>tautum</strong></span> <span class='ocrx_word' id='word_1_328' title='bbox 1189 2833 1307 2888; x_wconf 85' lang='lat' dir='ltr'><strong>auditur.</strong></span> <span class='ocrx_word' id='word_1_329' title='bbox 1356 2833 1388 2888; x_wconf 94' lang='lat' dir='ltr'><strong>Id</strong></span> <span class='ocrx_word' id='word_1_330' title='bbox 1417 2845 1510 2890; x_wconf 85' lang='lat' dir='ltr'><strong>tamen</strong></span> <span class='ocrx_word' id='word_1_331' title='bbox 1534 2835 1561 2890; x_wconf 90' lang='lat' dir='ltr'><strong>ei</strong></span> 
     </span>
     <span class='ocr_line' id='line_1_53' title="bbox 974 2923 1559 2993; baseline -0.002 -14"><span class='ocrx_word' id='word_1_332' title='bbox 974 2923 1074 2979; x_wconf 87' lang='lat' dir='ltr'><strong>accidit</strong></span> <span class='ocrx_word' id='word_1_333' title='bbox 1092 2923 1204 2979; x_wconf 92' lang='lat' dir='ltr'><strong>Iunonis</strong></span> <span class='ocrx_word' id='word_1_334' title='bbox 1215 2923 1358 2993; x_wconf 91' lang='lat' dir='ltr'><strong>instinctu,</strong></span> <span class='ocrx_word' id='word_1_335' title='bbox 1378 2923 1450 2992; x_wconf 90' lang='lat' dir='ltr'><strong>quod</strong></span> <span class='ocrx_word' id='word_1_336' title='bbox 1462 2939 1559 2993; x_wconf 79' lang='lat' dir='ltr'><strong>gamu-</strong></span> 
     </span>
     <span class='ocr_line' id='line_1_54' title="bbox 974 3013 1559 3082; baseline 0.002 -15"><span class='ocrx_word' id='word_1_337' title='bbox 974 3013 1054 3068; x_wconf 90' lang='lat' dir='ltr'><strong>litate</strong></span> <span class='ocrx_word' id='word_1_338' title='bbox 1073 3029 1123 3069; x_wconf 88' lang='lat' dir='ltr'><strong>sua</strong></span> <span class='ocrx_word' id='word_1_339' title='bbox 1148 3029 1207 3068; x_wconf 85' lang='lat' dir='ltr'><strong>earn</strong></span> <span class='ocrx_word' id='word_1_340' title='bbox 1238 3029 1318 3082; x_wconf 88' lang='lat' dir='ltr'><strong>saepe</strong></span> <span class='ocrx_word' id='word_1_341' title='bbox 1344 3019 1417 3070; x_wconf 88' lang='lat' dir='ltr'><strong>esset</strong></span> <span class='ocrx_word' id='word_1_342' title='bbox 1441 3021 1559 3082; x_wconf 89' lang='lat' dir='ltr'><strong>morata,</strong></span> 
     </span>
     <span class='ocr_line' id='line_1_55' title="bbox 973 3102 1562 3172; baseline -0.002 -14"><span class='ocrx_word' id='word_1_343' title='bbox 973 3118 1007 3158; x_wconf 89' lang='lat' dir='ltr'><strong>ue</strong></span> <span class='ocrx_word' id='word_1_344' title='bbox 1025 3103 1125 3172; x_wconf 83' lang='lat' dir='ltr'><strong>Iouem,</strong></span> <span class='ocrx_word' id='word_1_345' title='bbox 1145 3103 1173 3158; x_wconf 91' lang='lat' dir='ltr'><strong>in</strong></span> <span class='ocrx_word' id='word_1_346' title='bbox 1192 3102 1328 3158; x_wconf 87' lang='lat' dir='ltr'><strong>montibus</strong></span> <span class='ocrx_word' id='word_1_347' title='bbox 1346 3103 1486 3172; x_wconf 82' lang='lat' dir='ltr'><strong>Nymphas</strong></span> <span class='ocrx_word' id='word_1_348' title='bbox 1499 3118 1562 3172; x_wconf 89' lang='lat' dir='ltr'><strong>per·</strong></span> 
     </span>
     <span class='ocr_line' id='line_1_56' title="bbox 973 3191 1559 3261; baseline 0 -13"><span class='ocrx_word' id='word_1_349' title='bbox 973 3198 1138 3260; x_wconf 88' lang='lat' dir='ltr'><strong>sequentem,</strong></span> <span class='ocrx_word' id='word_1_350' title='bbox 1158 3191 1356 3260; x_wconf 87' lang='lat' dir='ltr'><strong>deprehendere</strong></span> <span class='ocrx_word' id='word_1_351' title='bbox 1379 3199 1480 3261; x_wconf 87' lang='lat' dir='ltr'><strong>posset.</strong></span> <span class='ocrx_word' id='word_1_352' title='bbox 1519 3193 1559 3248; x_wconf 88' lang='lat' dir='ltr'><strong>Ob</strong></span> 
     </span>
     <span class='ocr_line' id='line_1_57' title="bbox 973 3269 1560 3338; baseline 0 -2"><span class='ocrx_word' id='word_1_353' title='bbox 973 3281 1000 3336; x_wconf 91' lang='lat' dir='ltr'><strong>id</strong></span> <span class='ocrx_word' id='word_1_354' title='bbox 1030 3281 1116 3336; x_wconf 90' lang='lat' dir='ltr'><strong>fertur</strong></span> <span class='ocrx_word' id='word_1_355' title='bbox 1134 3289 1163 3336; x_wconf 91' lang='lat' dir='ltr'><strong>et</strong></span> <span class='ocrx_word' id='word_1_356' title='bbox 1193 3281 1227 3336; x_wconf 91' lang='lat' dir='ltr'><strong>ob</strong></span> <span class='ocrx_word' id='word_1_357' title='bbox 1243 3269 1244 3274; x_wconf 8' lang='grc' dir='ltr'>ἵ</span> <span class='ocrx_word' id='word_1_358' title='bbox 1258 3281 1458 3338; x_wconf 87' lang='lat' dir='ltr'><strong>deformitatem</strong></span> <span class='ocrx_word' id='word_1_359' title='bbox 1484 3298 1560 3338; x_wconf 90' lang='lat' dir='ltr'><strong>mon·</strong></span> 
     </span>
     <span class='ocr_line' id='line_1_58' title="bbox 974 3371 1561 3441; baseline 0.003 -15"><span class='ocrx_word' id='word_1_360' title='bbox 974 3371 1047 3426; x_wconf 87' lang='lat' dir='ltr'><strong>tibus</strong></span> <span class='ocrx_word' id='word_1_361' title='bbox 1066 3387 1124 3427; x_wconf 91' lang='lat' dir='ltr'><strong>esse</strong></span> <span class='ocrx_word' id='word_1_362' title='bbox 1155 3372 1308 3441; x_wconf 88' lang='lat' dir='ltr'><strong>recondita,</strong></span> <span class='ocrx_word' id='word_1_363' title='bbox 1339 3387 1373 3428; x_wconf 91' lang='lat' dir='ltr'><strong>ne</strong></span> <span class='ocrx_word' id='word_1_364' title='bbox 1401 3371 1465 3440; x_wconf 90' lang='lat' dir='ltr'><strong>quid</strong></span> <span class='ocrx_word' id='word_1_365' title='bbox 1500 3371 1561 3428; x_wconf 85' lang='lat' dir='ltr'><strong>eius</strong></span> 
     </span>
     <span class='ocr_line' id='line_1_59' title="bbox 973 3461 1558 3531; baseline 0 -15"><span class='ocrx_word' id='word_1_366' title='bbox 973 3467 1081 3530; x_wconf 89' lang='lat' dir='ltr'><strong>praeter</strong></span> <span class='ocrx_word' id='word_1_367' title='bbox 1109 3477 1199 3516; x_wconf 85' lang='lat' dir='ltr'><strong>vocem</strong></span> <span class='ocrx_word' id='word_1_368' title='bbox 1228 3461 1324 3531; x_wconf 90' lang='lat' dir='ltr'><strong>inspici</strong></span> <span class='ocrx_word' id='word_1_369' title='bbox 1351 3461 1444 3530; x_wconf 87' lang='lat' dir='ltr'><strong>possit.</strong></span> <span class='ocrx_word' id='word_1_370' title='bbox 1489 3461 1558 3516; x_wconf 88' lang='lat' dir='ltr'><strong>Nar-</strong></span> 
     </span>
     <span class='ocr_line' id='line_1_60' title="bbox 973 3550 1561 3621; baseline 0.002 -16"><span class='ocrx_word' id='word_1_371' title='bbox 973 3551 1071 3606; x_wconf 89' lang='lat' dir='ltr'><strong>cissum</strong></span> <span class='ocrx_word' id='word_1_372' title='bbox 1086 3557 1177 3607; x_wconf 87' lang='lat' dir='ltr'><strong>autern</strong></span> <span class='ocrx_word' id='word_1_373' title='bbox 1190 3551 1375 3621; x_wconf 88' lang='lat' dir='ltr'><strong>supradictum</strong></span> <span class='ocrx_word' id='word_1_374' title='bbox 1394 3551 1428 3606; x_wconf 95' lang='lat' dir='ltr'><strong>oh</strong></span> <span class='ocrx_word' id='word_1_375' title='bbox 1447 3550 1561 3606; x_wconf 82' lang='lat' dir='ltr'><strong>ninniam</strong></span> 
     </span>
     <span class='ocr_line' id='line_1_61' title="bbox 974 3639 1562 3710; baseline 0.007 -18"><span class='ocrx_word' id='word_1_376' title='bbox 974 3640 1171 3708; x_wconf 90' lang='lat' dir='ltr'><strong>despectionem</strong></span> <span class='ocrx_word' id='word_1_377' title='bbox 1197 3647 1226 3697; x_wconf 88' lang='lat' dir='ltr'><strong>at</strong></span> <span class='ocrx_word' id='word_1_378' title='bbox 1251 3639 1449 3710; x_wconf 87' lang='lat' dir='ltr'><strong>crudelitatem,</strong></span> <span class='ocrx_word' id='word_1_379' title='bbox 1478 3655 1562 3709; x_wconf 88' lang='lat' dir='ltr'><strong>quarn</strong></span> 
     </span>
     <span class='ocr_line' id='line_1_62' title="bbox 973 3729 1562 3800; baseline 0.002 -15"><span class='ocrx_word' id='word_1_380' title='bbox 973 3731 1001 3785; x_wconf 89' lang='lat' dir='ltr'><strong>in</strong></span> <span class='ocrx_word' id='word_1_381' title='bbox 1021 3731 1093 3786; x_wconf 81' lang='lat' dir='ltr'><strong>Echo</strong></span> <span class='ocrx_word' id='word_1_382' title='bbox 1119 3737 1284 3800; x_wconf 87' lang='lat' dir='ltr'><strong>exercuerat,</strong></span> <span class='ocrx_word' id='word_1_383' title='bbox 1308 3729 1438 3799; x_wconf 89' lang='lat' dir='ltr'><strong>Nemesis,</strong></span> <span class='ocrx_word' id='word_1_384' title='bbox 1463 3729 1492 3786; x_wconf 94' lang='lat' dir='ltr'><strong>id</strong></span> <span class='ocrx_word' id='word_1_385' title='bbox 1521 3737 1562 3786; x_wconf 81' lang='lat' dir='ltr'><strong>ast</strong></span> 
     </span>
     <span class='ocr_line' id='line_1_63' title="bbox 974 3819 1561 3890; baseline 0 -14"><span class='ocrx_word' id='word_1_386' title='bbox 974 3821 1096 3877; x_wconf 79' lang='lat' dir='ltr'><strong>Fortuna</strong></span> <span class='ocrx_word' id='word_1_387' title='bbox 1114 3821 1200 3876; x_wconf 88' lang='lat' dir='ltr'><strong>ultrix</strong></span> <span class='ocrx_word' id='word_1_388' title='bbox 1212 3819 1420 3890; x_wconf 85' lang='lat' dir='ltr'><strong>fastidientium,</strong></span> <span class='ocrx_word' id='word_1_389' title='bbox 1439 3819 1469 3876; x_wconf 91' lang='lat' dir='ltr'><strong>iu</strong></span> <span class='ocrx_word' id='word_1_390' title='bbox 1487 3836 1561 3876; x_wconf 86' lang='lat' dir='ltr'><strong>arno·</strong></span> 
     </span>
     <span class='ocr_line' id='line_1_64' title="bbox 973 3909 1560 3980; baseline -0.003 -13"><span class='ocrx_word' id='word_1_391' title='bbox 973 3927 1029 3967; x_wconf 91' lang='lat' dir='ltr'><strong>rem</strong></span> <span class='ocrx_word' id='word_1_392' title='bbox 1043 3910 1084 3966; x_wconf 92' lang='lat' dir='ltr'><strong>sui</strong></span> <span class='ocrx_word' id='word_1_393' title='bbox 1098 3911 1236 3980; x_wconf 90' lang='lat' dir='ltr'><strong>compulit,</strong></span> <span class='ocrx_word' id='word_1_394' title='bbox 1256 3918 1288 3965; x_wconf 94' lang='lat' dir='ltr'><strong>ut</strong></span> <span class='ocrx_word' id='word_1_395' title='bbox 1307 3926 1360 3965; x_wconf 89' lang='lat' dir='ltr'><strong>nen</strong></span> <span class='ocrx_word' id='word_1_396' title='bbox 1373 3909 1472 3966; x_wconf 90' lang='lat' dir='ltr'><strong>minori</strong></span> <span class='ocrx_word' id='word_1_397' title='bbox 1484 3909 1560 3966; x_wconf 84' lang='lat' dir='ltr'><strong>dam-</strong></span> 
     </span>
     <span class='ocr_line' id='line_1_65' title="bbox 977 3999 1560 4069; baseline -0.003 -12"><span class='ocrx_word' id='word_1_398' title='bbox 977 4019 1021 4057; x_wconf 93' lang='lat' dir='ltr'><strong>ma</strong></span> <span class='ocrx_word' id='word_1_399' title='bbox 1040 4018 1072 4057; x_wconf 90' lang='lat' dir='ltr'><strong>ac</strong></span> <span class='ocrx_word' id='word_1_400' title='bbox 1091 4001 1140 4056; x_wconf 89' lang='lat' dir='ltr'><strong>illa</strong></span> <span class='ocrx_word' id='word_1_401' title='bbox 1158 4007 1323 4057; x_wconf 73' lang='lat' dir='ltr'><strong>extrueretur.</strong></span> <span class='ocrx_word' id='word_1_402' title='bbox 1368 3999 1421 4069; x_wconf 83' lang='lat' dir='ltr'><strong>Qui</strong></span> <span class='ocrx_word' id='word_1_403' title='bbox 1447 4015 1507 4054; x_wconf 80' lang='lat' dir='ltr'><strong>crum</strong></span> <span class='ocrx_word' id='word_1_404' title='bbox 1527 4016 1560 4056; x_wconf 86' lang='lat' dir='ltr'><strong>ex</strong></span> 
     </span>
     <span class='ocr_line' id='line_1_66' title="bbox 977 4088 1562 4159; baseline -0.003 -12"><span class='ocrx_word' id='word_1_405' title='bbox 977 4091 1086 4148; x_wconf 88' lang='lat' dir='ltr'><strong>assidua</strong></span> <span class='ocrx_word' id='word_1_406' title='bbox 1111 4089 1276 4159; x_wconf 83' lang='lat' dir='ltr'><strong>fatigatione</strong></span> <span class='ocrx_word' id='word_1_407' title='bbox 1304 4088 1458 4146; x_wconf 87' lang='lat' dir='ltr'><strong>venationis</strong></span> <span class='ocrx_word' id='word_1_408' title='bbox 1483 4090 1562 4145; x_wconf 85' lang='lat' dir='ltr'><strong>iuxta</strong></span> 
     </span>
     <span class='ocr_line' id='line_1_67' title="bbox 977 4178 1563 4250; baseline 0 -15"><span class='ocrx_word' id='word_1_409' title='bbox 977 4181 1079 4236; x_wconf 89' lang='lat' dir='ltr'><strong>fontem</strong></span> <span class='ocrx_word' id='word_1_410' title='bbox 1122 4180 1324 4250; x_wconf 85' lang='lat' dir='ltr'><strong>procubuisset,</strong></span> <span class='ocrx_word' id='word_1_411' title='bbox 1369 4185 1398 4234; x_wconf 92' lang='lat' dir='ltr'><strong>et</strong></span> <span class='ocrx_word' id='word_1_412' title='bbox 1434 4178 1563 4235; x_wconf 88' lang='lat' dir='ltr'><strong>hauriens</strong></span> 
     </span>
     <span class='ocr_line' id='line_1_68' title="bbox 977 4269 1562 4339; baseline 0 -14"><span class='ocrx_word' id='word_1_413' title='bbox 977 4285 1088 4339; x_wconf 89' lang='lat' dir='ltr'><strong>aquam,</strong></span> <span class='ocrx_word' id='word_1_414' title='bbox 1124 4269 1270 4339; x_wconf 82' lang='lat' dir='ltr'><strong>imaginem</strong></span> <span class='ocrx_word' id='word_1_415' title='bbox 1301 4269 1342 4324; x_wconf 86' lang='lat' dir='ltr'><strong>sui</strong></span> <span class='ocrx_word' id='word_1_416' title='bbox 1373 4269 1562 4338; x_wconf 85' lang='lat' dir='ltr'><strong>perspexisset,</strong></span> 
     </span>
     <span class='ocr_line' id='line_1_69' title="bbox 978 4357 1562 4427; baseline 0.002 -13"><span class='ocrx_word' id='word_1_417' title='bbox 978 4359 1093 4415; x_wconf 86' lang='lat' dir='ltr'><strong>alienam</strong></span> <span class='ocrx_word' id='word_1_418' title='bbox 1114 4366 1214 4427; x_wconf 80' lang='lat' dir='ltr'><strong>pintana</strong></span> <span class='ocrx_word' id='word_1_419' title='bbox 1233 4357 1373 4414; x_wconf 87' lang='lat' dir='ltr'><strong>adamavit</strong></span> <span class='ocrx_word' id='word_1_420' title='bbox 1385 4357 1496 4426; x_wconf 89' lang='lat' dir='ltr'><strong>eiusque</strong></span> <span class='ocrx_word' id='word_1_421' title='bbox 1516 4359 1562 4415; x_wconf 90' lang='lat' dir='ltr'><strong>de·</strong></span> 
     </span>
     <span class='ocr_line' id='line_1_70' title="bbox 976 4447 1561 4517; baseline 0 -13"><span class='ocrx_word' id='word_1_422' title='bbox 976 4449 1083 4504; x_wconf 88' lang='lat' dir='ltr'><strong>sideriis</strong></span> <span class='ocrx_word' id='word_1_423' title='bbox 1093 4448 1134 4503; x_wconf 88' lang='lat' dir='ltr'><strong>ita</strong></span> <span class='ocrx_word' id='word_1_424' title='bbox 1147 4455 1179 4503; x_wconf 93' lang='lat' dir='ltr'><strong>ut</strong></span> <span class='ocrx_word' id='word_1_425' title='bbox 1190 4449 1250 4503; x_wconf 83' lang='lat' dir='ltr'><strong>vita</strong></span> <span class='ocrx_word' id='word_1_426' title='bbox 1262 4447 1417 4517; x_wconf 74' lang='lat' dir='ltr'><strong>privaretur</strong></span> <span class='ocrx_word' id='word_1_427' title='bbox 1433 4447 1561 4504; x_wconf 87' lang='lat' dir='ltr'><strong>intabuit.</strong></span> 
     </span>
     <span class='ocr_line' id='line_1_71' title="bbox 977 4537 1561 4607; baseline 0 -13"><span class='ocrx_word' id='word_1_428' title='bbox 977 4539 1017 4594; x_wconf 83' lang='lat' dir='ltr'><strong>Ex</strong></span> <span class='ocrx_word' id='word_1_429' title='bbox 1044 4538 1119 4594; x_wconf 80' lang='lat' dir='ltr'><strong>euim</strong></span> <span class='ocrx_word' id='word_1_430' title='bbox 1144 4537 1268 4606; x_wconf 92' lang='lat' dir='ltr'><strong>reliquiis</strong></span> <span class='ocrx_word' id='word_1_431' title='bbox 1293 4537 1342 4592; x_wconf 87' lang='lat' dir='ltr'><strong>fles</strong></span> <span class='ocrx_word' id='word_1_432' title='bbox 1361 4537 1456 4607; x_wconf 86' lang='lat' dir='ltr'><strong>oritur,</strong></span> <span class='ocrx_word' id='word_1_433' title='bbox 1482 4555 1561 4606; x_wconf 89' lang='lat' dir='ltr'><strong>quem</strong></span> 
     </span>
     <span class='ocr_line' id='line_1_72' title="bbox 976 4627 1560 4697; baseline 0.002 -14"><span class='ocrx_word' id='word_1_434' title='bbox 976 4627 1095 4684; x_wconf 87' lang='lat' dir='ltr'><strong>Naiades</strong></span> <span class='ocrx_word' id='word_1_435' title='bbox 1107 4627 1256 4697; x_wconf 84' lang='lat' dir='ltr'><strong>Nymphae,</strong></span> <span class='ocrx_word' id='word_1_436' title='bbox 1276 4644 1368 4684; x_wconf 76' lang='lat' dir='ltr'><strong>casuum</strong></span> <span class='ocrx_word' id='word_1_437' title='bbox 1383 4628 1478 4684; x_wconf 85' lang='lat' dir='ltr'><strong>fratris</strong></span> <span class='ocrx_word' id='word_1_438' title='bbox 1496 4627 1560 4684; x_wconf 88' lang='lat' dir='ltr'><strong>ilen-</strong></span> 
     </span>
     <span class='ocr_line' id='line_1_73' title="bbox 977 4717 1559 4790; baseline 0.005 -17"><span class='ocrx_word' id='word_1_439' title='bbox 977 4724 1027 4790; x_wconf 89' lang='lat' dir='ltr'><strong>tes,</strong></span> <span class='ocrx_word' id='word_1_440' title='bbox 1047 4717 1198 4775; x_wconf 85' lang='lat' dir='ltr'><strong>narcissum</strong></span> <span class='ocrx_word' id='word_1_441' title='bbox 1223 4717 1331 4777; x_wconf 86' lang='lat' dir='ltr'><strong>nomine</strong></span> <span class='ocrx_word' id='word_1_442' title='bbox 1349 4724 1559 4778; x_wconf 80' lang='lat' dir='ltr'><strong>amotevaruut</strong></span> 
     </span>
    </p>
   </div>
   <div class='ocr_carea' id='block_1_7' title="bbox 0 0 1742 5200">
    <p class='ocr_par' dir='ltr' id='par_1_10' title="bbox 0 0 1742 5200">
     <span class='ocr_line' id='line_1_74' title="bbox 0 0 1742 5200; baseline 0 0"><span class='ocrx_word' id='word_1_443' title='bbox 0 0 1742 5200; x_wconf 95' lang='lat' dir='ltr'><strong> </strong></span> 
     </span>
    </p>
   </div>
  </div>
 </body>
</html>
