3459 5200
929 315 969 378 14

425 522 549 587 Hesio
559 521 632 587 dus
648 520 700 587 his
718 524 872 605 apparet;
895 523 975 587 nam
990 518 1158 588 decantati
1174 522 1263 589 illius
1281 524 1404 589 somnii
1419 525 1560 590 mentio·

341 653 419 698 nem
442 634 521 699 facit
542 634 660 713 1533:
688 632 755 698 nisi
776 630 857 715 forto
879 632 917 698 ia
939 633 1028 698 σὶίοίν
1051 633 1229 718 Apollinem
1253 634 1432 701 contineris
1454 640 1492 701 ut
1511 636 1563 701 ille

335 748 446 826 postor
469 744 637 826 Hesiodus,
671 766 762 827 quem
778 744 902 829 poetico
923 746 1021 812 muru
1045 746 1222 813 Comama
1242 746 1369 830 focalia
1390 747 1560 832 coronavit,

341 857 431 939 quod
454 858 533 941 legit
555 859 644 943 apud
667 861 762 942 Verg.
786 860 822 925 Ε.
839 860 913 939 6,69
936 880 1009 944 sqq.
1033 861 1087 943 (cf.
1110 862 1129 945 ς
1148 864 1169 927 5
1193 865 1273 927 sect.
1297 863 1373 928 VllI.
1407 862 1467 927 Ov.
1485 863 1561 928 fast.

341 970 382 1034 VI
416 972 456 1035 11
490 972 586 1056 sopp).
642 972 820 1037 Praeterea
853 973 1001 1038 fabulam
1035 974 1198 1056 significat
1232 995 1252 1039 a
1283 976 1451 1041 veteribus
1485 995 1561 1041 raro
1625 979 1629 983 “

344 1088 535 1148 enarratam
558 1085 613 1148 Vll
629 1086 685 1149 9οι
718 1082 816 1148 multo
838 1082 894 1148 hoc
913 1083 1003 1166 suctu
1019 1084 1209 1169 promptius,
1230 1105 1328 1167 quiam
1347 1086 1430 1168 quod
1453 1086 1564 1152 Hesio·

341 1194 418 1258 ellim
437 1193 551 1276 soant
567 1194 669 1278 posito
691 1195 778 1261 senio
799 1194 838 1261 in
851 1195 969 1261 virides
983 1217 1088 1263 annos
1100 1197 1226 1264 redisse.
1261 1200 1439 1281 Cognitum
1462 1200 1562 1282 igitur

342 1308 447 1373 fuisse
464 1309 495 1373 ei
510 1307 641 1373 videtur
657 1309 862 1392 epigramma
875 1312 964 1393 quod
980 1312 1016 1375 in
1032 1312 1143 1377 Procli
1156 1310 1238 1397 γίνει
1249 1308 1396 1377 Ἡσιόδου
1411 1313 1563 1394 legimus,

341 1420 399 1484 ubi
421 1420 569 1485 Pindaro
593 1421 751 1487 tribuitur
774 1422 1026 1503 (Westermann
1048 1424 1156 1506 biogr.
1178 1445 1210 1507 p.
1233 1426 1275 1490 19
1299 1424 1407 1507 Bergk
1429 1425 1511 1490 PLG
1532 1424 1564 1489 Ι4

342 1554 373 1614 p.
396 1533 472 1616 479)
507 1538 539 1597 et
567 1533 603 1598 in
630 1534 852 1617 paroemiogr.
880 1536 903 1600 Ι.
931 1556 964 1619 p.
986 1537 1050 1600 456
1079 1558 1105 1601 s.
1128 1556 1158 1601 v.
1192 1534 1228 1601 τὸ
1247 1529 1421 1601 Ἡσιόδειον
1447 1542 1562 1621 γῆρας·

264 1710 267 1715 ,
339 1642 560 1731 Ἀριστοτέλης
576 1646 607 1711 ἐν
618 1636 833 1733 Ὀρχομενίων
854 1646 995 1733 πολιτείᾳ
1018 1648 1063 1726 δίς
1077 1637 1233 1733 τετάσθαι
1254 1650 1332 1733 φησί
1353 1647 1406 1714 τὸν
1416 1645 1564 1714 Ἡσίοδον

342 1759 397 1823 καὶ
420 1754 653 1844 ἐπιγράμματος
675 1760 766 1823 τοῦδε
790 1768 910 1845 τυχεῖν·

546 1905 639 1983 χαῖρε
661 1897 706 1974 δὶς
728 1894 852 1983 ηβησοις
874 1898 930 1961 καὶ
951 1897 997 1975 δίς
1018 1896 1119 1982 τάφου
1141 1894 1358 1985 ἀντιβολήσας,
1384 1979 1388 1986 ⁴

544 2001 667 2075 ‘Halai’
692 2002 871 2094 ἀνθρώποις
893 2007 1004 2095 μίτρον
1027 2010 1109 2095 ἔχων
1133 2011 1253 2095 σοφίης.

345 2149 513 2227 Quoniam
537 2148 756 2232 Symmachus
772 2148 933 2213 Varronis
957 2145 1120 2231 imagines
1143 2150 1265 2231 legisse
1279 2148 1411 2215 videtur
1433 2150 1488 2228 (ci.
1510 2149 1563 2232 §5

345 2266 426 2327 sect.
448 2262 543 2345 XVI),
577 2262 668 2326 haud
696 2261 880 2326 absurdum
910 2261 973 2325 erit
1002 2262 1157 2327 conicere
1185 2262 1232 2326 ibi
1259 2261 1398 2327 Hesiodi
1427 2260 1564 2344 imagini
1625 2254 1630 2262 '

346 2376 409 2440 hos
431 2393 549 2439 versus
573 2373 763 2455 adscriptos
786 2372 890 2438 fuisse
906 2408 947 2420 -
963 2372 1117 2437 similiter
1138 2372 1233 2455 (Gell.
1249 2373 1289 2437 ΠΙ
1305 2374 1390 2456 11,7)
1407 2372 1453 2438 Μ.
1467 2372 1567 2437 Varro

346 2484 382 2549 io
404 2484 481 2549 libro
503 2484 540 2549 cle
561 2482 755 2571 imopinibuc
771 2482 878 2567 primo
901 2483 1034 2549 Homeri
1056 2481 1194 2569 inopini
1219 2483 1412 2569 epigramma
1433 2484 1489 2550 lioc
1509 2483 1565 2549 arl-

366 2596 466 2663 osnit:
1326 2631 1329 2640 ·

339 2621 365 2683 P
512 2709 635 2795 Capella
659 2710 791 2776 Homeri
813 2709 951 2776 mnrltilu
972 2709 1046 2777 naec
1067 2709 1227 2775 tumidum
1248 2709 1372 2776 indicat

512 2823 602 2902 onon
623 2823 682 2889 hoc
704 2823 790 2890 Ietae
812 2827 935 2888 mortuo
955 2821 1083 2905 faciunt
1103 2843 1194 2890 sacro
1216 2861 1256 2873 -

346 2969 403 3030 aut
436 2964 472 3029 in
505 2964 702 3047 quaestione
736 2964 777 3028 de
804 2963 943 3029 Hesiodi
969 2967 1084 3028 aetate
1111 2964 1154 3028 ab
1187 2964 1245 3027 illo
1274 2965 1417 3028 tractata
1444 2963 1565 3029 allatos

348 3077 452 3142 luisse
476 3076 671 3159 (Chappuis‚
695 3077 811 3159 fragm.
829 3077 890 3142 des
913 3096 1076 3159 ouvrages
1093 3077 1135 3140 de
1150 3076 1197 3140 M.
1207 3077 1284 3141 Ter.
1300 3078 1441 3153 Varron‚
1471 3075 1566 3140 Paris

350 3190 431 3254 1868
454 3209 486 3272 μ,
510 3189 574 3272 99).
1160 3191 1167 3207 ’

432 3413 480 3477 De
516 3413 635 3478 ceteris
669 3413 779 3495 poetis
808 3413 912 3476 altum
946 3411 1133 3488 silentium3
1166 3412 1405 3478 historicorum
1438 3411 1565 3478 mentio

348 3527 448 3591 nulla.
482 3527 532 3590 Ex
547 3526 738 3591 oratoribus
762 3524 861 3590 unius
877 3523 1172 3589 Demosthenis
1195 3525 1290 3590 locus
1307 3525 1428 3590 citatur
1449 3525 1567 3602 1233:

346 3635 398 3718 foc
420 3635 527 3702 ocriiot
548 3637 586 3704 in
607 3641 750 3717 moulan,
773 3635 851 3718 orrici
876 3636 997 3702 Gracco
1017 3656 1114 3719 snper
1134 3634 1190 3700 lico
1212 3635 1296 3700 dioro
1316 3635 1434 3701 oratio:
1455 3634 1568 3720 porois

347 3749 566 3830 nrrtrimcntis,
589 3749 706 3831 iniquit,
722 3769 914 3830 geminianum
926 3770 948 3813 o
962 3753 1061 3813 morte
1074 3747 1285 3829 defaidimnn
1306 3747 1392 3812 nihil
1406 3752 1513 3813 tomen
1526 3746 1568 3813 od

347 3861 506 3927 robustum
520 3861 730 3927 ualetudinem
740 3881 967 3945 promovemus.
997 3863 1104 3927 Vertit
1117 3861 1211 3926 Dem.
1228 3863 1364 3944 Olynth.
1380 3862 1420 3927 111
1432 3862 1473 3926 39
1485 3862 1568 3946 (33);

347 3974 485 4062 καὶγὰρ
509 3975 613 4041 ἐκεῖνοι
636 3967 701 4039 οὔτ’
720 3973 808 4059 ἰσχὺν
830 3973 986 4058 ἐντίθησιν
1009 3965 1076 4036 οὔτ’
1093 3971 1307 4058 ἀποθνῄσκειν
1330 3973 1377 4059 ἐᾷ.
1416 3973 1569 4040 Eundem

348 4090 460 4154 locum
487 4093 623 4154 auctore
653 4107 723 4153 non
752 4089 925 4152 nominato
954 4088 1120 4170 expressit
1147 4087 1227 4153 Sall.
1250 4087 1329 4151 hist.
1352 4087 1393 4151 Ill
1414 4087 1509 4166 8919
1531 4085 1568 4150 Κ.

435 4237 485 4302 Ex
517 4236 746 4318 philosophis,
788 4235 843 4317 qui
878 4232 1013 4316 quidem
1042 4212 1157 4298 [libros
1199 4233 1412 4316 reliquerint,
1451 4233 1568 4297 Plato

350 4353 632 4417 commemoratur
657 4349 701 4413 IX
729 4349 783 4412 84:
820 4344 918 4433 ccliiii
945 4363 1035 4410 necno
1062 4343 1184 4409 litterae
1217 4349 1290 4409 tuuc
1322 4343 1466 4411 inmotas
1492 4341 1569 4408 Pla·

350 4445 490 4527 torn'cnm
504 4465 615 4526 μορίαν
629 4464 787 4542 priuatum
801 4455 882 4522 milri
896 4457 1040 4521 moneris
1055 4461 1084 4521 et
1098 4455 1228 4521 honor-is
1242 4456 1407 4522 cledertrnt.
1442 4457 1571 4522 Memor

349 4577 453 4642 fuisse
481 4575 611 4640 videtur
639 4575 687 4638 rei
716 4594 736 4638 a
765 4573 926 4638 Cicerone
949 4571 990 4635 de
1013 4571 1076 4635 div.
1100 4571 1275 4635 1781186
1299 4574 1331 4634 et
1353 4571 1457 4635 aVal.
1480 4570 1566 4634 Max.

350 4690 361 4752 l
385 4691 405 4751 6
429 4693 492 4752 ext.
517 4689 535 4749 3
560 4692 714 4750 narratae
738 4685 792 4766 (cf.
815 4687 833 4768 g
856 4689 875 4750 5
900 4689 980 4748 sect.
1003 4683 1111 4763 XVll).
