3459 5200
710 562 750 626 75

143 771 182 835 cf.
217 773 382 855 Anonym.
417 773 452 836 in
485 771 621 837 Nauckii
654 770 909 836 Lex.·Vindob.
943 771 1087 852 append.
1121 791 1153 852 p.
1187 773 1265 846 317,
1294 772 1314 834 8

142 872 263 958 στροφη
287 877 342 961 μέν
367 873 420 940 οὖν
449 875 512 939 ἐστι
540 870 651 938 κοίλων
680 873 785 937 ποσῶν
819 868 974 958 εὔρυθμος
1006 869 1150 949 σύνθεσις
1178 872 1315 957 ἑτεροίας

144 980 281 1064 στροφῆς
304 976 507 1062 ἀντιστρόφου
535 981 589 1042 καὶ
612 977 781 1062 έπφδοῦςί)
812 977 918 1042 schol.
946 977 1119 1059 Aristoph.
1146 978 1230 1042 Ach.
1253 978 1316 1042 nte

141 1083 267 1166 λέγεται
305 1083 340 1146 δέ
381 1082 500 1167 στροφὴ
541 1081 601 1146 τῶν
638 1079 750 1144 κώλων
786 1077 821 1144 τὸ
858 1076 1017 1164 σύστημας
1055 1080 1138 1145 ΡοΙΙ.
1171 1081 1213 1144 lv
1255 1082 1316 1144 117

141 1188 180 1271 τῇ
205 1187 241 1250 δέ
263 1187 382 1271 στροφῇ
406 1187 438 1250 ἐν
460 1181 574 1261 κοίλοις
595 1183 795 1271 προᾳσθείση
819 1183 903 1260 κτλ.;
927 1185 1067 1248 Planud.
1093 1184 1127 1248 in
1145 1183 1244 1248 Rhet.
1267 1204 1315 1264 gr.

142 1291 153 1364 t
157 1291 223 1372 W.)
239 1291 265 1354 V
283 1291 356 1368 510,
378 1292 400 1355 4
422 1281 443 1372 ἠ
467 1289 522 1374 μὲν
545 1286 598 1353 οὖν
620 1286 739 1372 οτροφη
765 1287 845 1352 ἐστιν
868 1279 889 1370 ἡ
912 1283 1021 1370 πρώτη
1042 1285 1191 1372 τιθεμένη
1214 1285 1317 1370 περίο-

141 1394 196 1470 δος
219 1393 256 1456 ἐκ
279 1388 334 1456 διίο
356 1389 378 1476 ἠ
401 1391 550 1456 πλειόνων
572 1388 692 1456 κώλων.
737 1392 847 1474 Atque
870 1391 961 1455 haud
987 1391 1058 1455 scio
1087 1411 1131 1454 an
1158 1389 1320 1455 vetustis·¹

141 1497 266 1562 simum
289 1496 423 1560 dicendi
446 1515 549 1578 genus
573 1496 755 1560 servaverit
772 1495 911 1560 Caesius
928 1495 1066 1571 Bassus
1088 1513 1164 1559 cum
1185 1498 1316 1558 tanturn

142 1619 214 1664 non
249 1619 382 1682 semper
420 1599 636 1681 periodorum
672 1598 724 1662 vel
757 1598 869 1680 potius
904 1598 1120 1680 stropharum
1153 1633 1193 1644 -
1228 1597 1317 1679 apud

141 1703 320 1769 Horatium
343 1703 471 1768 nullum
494 1701 582 1767 inter
606 1702 764 1785 strophas
788 1705 821 1765 et
841 1701 1000 1784 periodos
1018 1701 1199 1765 discrimen
1215 1701 1317 1764 inter·

143 1812 197 1872 est
221 1809 399 1888 -partes
423 1809 630 1888 nuncuparet
658 1807 747 1886 cota,
770 1825 928 1870 versuum
951 1802 1158 1886 commata²).
1203 1803 1317 1886 Neque

141 1910 235 1974 enim
257 1910 435 1993 Dionysius
458 1909 752 1974 Halicarnasensis
776 1909 961 1972 stichorum
988 1911 1101 1990 partes
1129 1907 1317 1972 nominavit

141 2013 229 2090 cola,
264 2012 328 2077 nisi
361 2012 419 2076 ubi
453 2011 494 2077 de
529 2012 612 2076 colis
647 2010 824 2076 rhetoricis
853 2004 957 2075 verba
984 2009 1074 2075 tecit.
1126 2009 1253 2074 Contra
1275 2011 1317 2074 de

141 2136 252 2198 comp.
276 2118 365 2180 verb.
390 2135 461 2198 cap.
484 2115 569 2179 xvn
592 2122 636 2196 (p.
660 2115 722 2178 778
745 2114 796 2178 ed.
819 2114 995 2195 Schaefer)
1023 2113 1136 2177 verbis
1159 2112 1260 2197 στίχοι
1281 2134 1317 2176 τε

140 2221 198 2284 καὶ
221 2217 311 2282 κῶλα
334 2220 399 2284 duo
423 2218 479 2283 illa
502 2219 688 2284 carminum
711 2237 835 2298 genera
858 2217 1065 2300 significavit,
1081 2237 1166 2298 quae
1183 2217 1317 2281 sollem-

142 2324 233 2389 niter
255 2319 338 2386 κατὰ
361 2321 467 2407 στίχον
490 2327 524 2386 et
544 2317 627 2385 κατὰ
642 2321 786 2405 περίοδον
802 2321 979 2385 nominare
996 2321 1160 2385 solebant.
1198 2321 1318 2386 Poste·

142 2427 253 2493 riores
269 2426 402 2490 demum
423 2425 552 2489 metrici
577 2429 685 2490 certas
710 2429 923 2503 commatum,
947 2425 1108 2501 colorum,
1132 2424 1319 2488 stichorum

141 2528 394 2612 magnitudines
419 2529 640 2594 definiverunt
663 2528 770 2611 iisque
793 2527 951 2592 omnibus
980 2527 1074 2592 iuxta
1103 2527 1137 2590 in
1161 2527 1321 2592 carmini·

139 2636 210 2698 bus
232 2632 343 2715 lyricis
367 2632 574 2714 explicandis
597 2631 649 2696 usi
674 2635 761 2696 sunt.
811 2631 896 2696 Nam
926 2632 1095 2696 Christius
1124 2650 1204 2696 num
1228 2636 1317 2696 recte

142 2739 178 2801 in
204 2736 325 2801 Abhdl.
356 2736 387 2799 d.
416 2736 568 2800 Muench.
602 2735 661 2799 Ak.
691 2735 733 2799 XI
766 2754 799 2816 p.
832 2736 893 2799 178
927 2735 1015 2816 apud
1047 2735 1244 2817 Dionysium
1277 2735 1318 2798 de

145 2859 258 2921 comp.
281 2839 372 2903 verb.
397 2858 466 2920 cap.
491 2839 564 2903 XIX
586 2839 631 2920 (p.
654 2840 717 2903 767
739 2839 832 2919 Seh.)
861 2836 891 2901 ot
912 2836 948 2899 δέ
968 2838 1040 2921 περί
1065 2834 1259 2921 Στησίχορόν
1286 2857 1321 2899 τε

141 2944 203 3007 καί
225 2938 377 3025 Πίνδαρον
399 2939 521 3025 μείζους
544 2936 751 3027 ἐργασάμενοι
772 2939 827 3016 τοὶς
848 2935 1011 3023 περιόδους
1030 2939 1073 3015 είς
1094 2936 1197 3003 πολλοὶ
1221 2938 1319 3023 μέτρα

142 3047 203 3111 καί
232 3044 322 3108 κῶλα
356 3043 507 3129 διένειμαν
540 3042 635 3121 αὐτοῖς
667 3044 866 3109 vocabulum
900 3042 998 3127 μέτρα
1026 3044 1070 3107 ad
1098 3044 1218 3125 longos
1241 3042 1319 3107 illos

147 3169 271 3216 versus
296 3148 469 3227 rettulerit,
493 3149 613 3231 quibus
637 3168 656 3212 a
680 3148 872 3213 scholiastis
895 3166 1020 3212 nomen
1042 3137 1323 3231 μίτραΠινδαρικοί

93 3260 96 3265 ’
146 3253 294 3319 inditum
318 3256 378 3329 est,
402 3252 498 3315 valde
520 3251 645 3316 dubito.
680 3249 788 3335 Μὲτρα
809 3252 863 3314 καί
878 3249 968 3315 κῶλα
985 3271 1023 3315 eo
1040 3270 1139 3332 quem
1155 3249 1321 3315 Christius

144 3356 308 3423 excitavit
332 3355 406 3419 loco
430 3355 519 3419 idem
550 3355 737 3437 significare
766 3354 875 3437 quivis
905 3355 1068 3419 concedat
1102 3372 1241 3418 necesse
1271 3358 1322 3418 est

146 3465 252 3542 atque
281 3459 316 3524 in
345 3459 519 3523 enuntiato
552 3478 658 3542 prope
689 3460 911 3523 antecedente
944 3463 989 3540 tp.
1017 3453 1333 3541 7601περίδὲτὰς,

147 3560 349 3647 καλουμένας
370 3559 508 3646 ἐπῳδοὺς
531 3559 693 3648 ἀμφότερα
715 3570 807 3625 κινεῖν
827 3566 926 3624 ταῦτα
941 3560 1039 3638 ἔξεστι
1056 3558 1091 3624 τό
1112 3582 1146 3624 τε
1162 3558 1254 3645 μέλος
1268 3559 1324 3622 καὶ

144 3661 595 3750 recompensatorem,
620 3664 652 3743 ἐξ
675 3663 716 3729 ὢν
743 3661 861 3749 ἑκάστη
892 3664 1064 3748 συνέστηκε
1089 3663 1242 3748 περίοδος,
1272 3663 1323 3727 ἐπί

143 3768 269 3851 πολλῆς
302 3766 441 3845 ἐξουσίας
474 3766 592 3832 δίδοται
624 3765 726 3845 αὐτοῖς
762 3767 910 3844 ποικίλως
943 3770 1068 3851 διαιρεῖν
1086 3816 1093 3828 .
1108 3816 1114 3828 .
1130 3816 1159 3845 .,
1193 3768 1251 3842 ἕως
1284 3763 1323 3828 ἂν

144 3871 342 3957 ἀπαρτίσωσι
373 3868 430 3956 τὴν
463 3870 609 3956 στροφήν·
644 3872 750 3937 ἔπειτα
778 3868 870 3937 ποίλιν
897 3873 947 3936 δεῖ
971 3870 1011 3935 τοὶ
1038 3863 1118 3935 αὐτοὶ
1145 3869 1244 3957 μέτρα
1267 3870 1322 3933 καί

241 4155 259 4223 ¹)
278 4156 310 4209 In
332 4156 421 4209 verbis
446 4159 564 4223 ἑτεροίας
585 4185 617 4195 -
636 4160 740 4223 έπῳδοιῑ
764 4156 859 4210 vitium
883 4156 966 4219 inest3
993 4156 1075 4210 facite
1099 4155 1250 4209 contereris
1273 4173 1322 4225 pro

146 4249 273 4312 ἑτεροίας
288 4244 463 4297 scribendum
483 4260 544 4296 esse
565 4247 755 4312 ἐπιφερομένης
774 4245 819 4297 vel
838 4244 927 4298 simile
947 4245 1020 4313 quid.

237 4348 259 4417 ¹)
279 4349 323 4402 GL
341 4349 376 4402 Vl
399 4366 425 4418 p.
444 4350 505 4411 270,
529 4349 558 4401 11
585 4349 666 4402 colon
689 4349 787 4403 dicitur
810 4366 906 4403 versus
934 4367 967 4403 ex
993 4350 1080 4403 tribus
1104 4348 1271 4403 choriambis
1295 4358 1323 4408 et

144 4454 206 4493 uno
225 4436 400 4490 antibacchio
425 4442 564 4491 constans
609 4438 664 4490 Sed
687 4454 712 4505 p.
732 4438 790 4499 770,
816 4438 848 4490 10
876 4443 903 4491 et
930 4438 963 4491 23
986 4437 1130 4490 commatis
1157 4436 1322 4489 vocabulum

145 4522 293 4593 scriptoris
311 4524 503 4591 neglegentiae
523 4523 617 4577 deberi
632 4523 750 4596 ridetur.
786 4522 915 4579 Primitus
934 4524 962 4579 ni
981 4522 1062 4577 fallor
1075 4523 1219 4580 commatis
1231 4538 1322 4596 neque

146 4610 228 4667 notio
248 4626 338 4679 neque
356 4626 423 4664 usus
442 4628 458 4664 a
475 4612 545 4679 τομῇ
564 4612 668 4667 aberat
