3459 5200
938 409 980 475 12

346 609 464 694 βραχέα
496 605 712 693 appellantur,
745 610 777 672 et
808 604 860 673 his
891 605 1051 672 vocalium
1083 604 1256 689 generibus
1286 603 1407 690 epponi
1438 603 1570 672 uocales

346 719 372 772 ll
389 719 400 772 l
415 718 446 798 T,
475 733 560 797 queo
587 732 651 799 quo
675 713 833 780 voeabulo
857 712 1005 780 sollemni
1031 712 1128 780 buius
1154 711 1296 779 eustorio
1323 717 1432 778 aetate
1458 710 1570 798 appel·

344 820 433 887 lutee
456 820 529 908 sint
552 841 603 888 me
626 819 755 907 quidem
779 819 888 888 iudioe
911 841 953 888 ex
974 820 1037 887 huo
1058 820 1131 887 loeo
1154 840 1219 886 nou
1233 819 1448 904 cognoscitur.
1485 819 1571 888 Num

344 947 429 1012 nego
460 926 679 996 Godoiredum
710 928 971 1011 Hermsnnum‚¹)
1003 927 1157 994 Ioannem
1179 926 1347 1007 Vahlen')
1379 926 1568 995 Meurieium

344 1033 520 1122 Sobmidtl)
538 1035 733 1112 ,venabulum
756 1038 985 1123 trrsrsodpesu
1006 1042 1094 1103 reete
1116 1035 1164 1102 ite
1184 1034 1413 1121 interpretatos
1427 1053 1511 1118 esse,
1533 1039 1571 1099 ut

344 1141 539 1227 generaliter
560 1141 647 1210 idem
669 1142 795 1210 voleret
817 1149 915 1229 utque
939 1143 1092 1229 „rondes
1114 1141 1224 1229 sneipi
1261 1142 1304 1207 *“.
1347 1140 1448 1210 Immo
1470 1142 1570 1228 porti·

344 1249 421 1337 eipii
446 1249 629 1338 proesentis
663 1249 765 1318 forme
793 1255 830 1318 τὰ
860 1252 1087 1338 interstrepens
1116 1248 1329 1337 (ἐκοεινορενα,
1361 1254 1569 1337 μαραινόμενα)

342 1377 505 1443 uunquam
528 1356 726 1443 significavit
754 1357 950 1445 generalitor
976 1357 1128 1443 ,poemen
1151 1362 1251 1438 tlt,
1279 1377 1378 1442 quse
1404 1355 1570 1443 produoi

343 1465 574 1552 possunt“,⁴)
598 1464 657 1533 sed
681 1485 808 1551 semper
827 1465 1154 1565 speeieliter‚,qnoe
1175 1463 1389 1552 productae
1411 1461 1568 1544 sunt“.⁶)

344 1571 410 1640 Sed
433 1573 584 1660 quonism
608 1571 649 1640 de
672 1573 1139 1660 interpretatiun'e‘rerborum,
1167 1591 1252 1658 queo
1275 1592 1375 1659 supro
1398 1571 1568 1658 exscripsi·

272 1758 275 1762 ,
343 1699 424 1762 mus,
448 1679 555 1748 edbuo
577 1679 769 1748 interritos
792 1679 906 1748 dootos
928 1700 1049 1766 magun
1072 1688 1124 1748 est
1146 1679 1368 1748 oontroversie
1390 1686 1424 1746 et
1445 1677 1569 1746 uliihis

344 1787 452 1856 verbis
475 1808 589 1856 senam
612 1787 654 1854 de
678 1788 952 1856 substantivorum
975 1788 1150 1873 generibus
1172 1785 1354 1854 duotrinnrn
1376 1786 1461 1853 uadi
1475 1806 1569 1872 pree·

342 1895 444 1964 baete
471 1901 601 1981 negent,
634 1895 692 1962 elii
720 1916 760 1963 ee
792 1895 995 1981 gravissimis
1026 1893 1152 1963 mendis
1179 1915 1201 1960 α
1226 1895 1368 1963 librariis
1399 1893 1569 1979 inquinetur

344 2023 417 2072 esse
439 2022 630 2090 persuasum
653 2002 816 2092 hubent‚⁶)
844 2002 886 2070 de
908 2003 971 2070 hoo
992 2002 1076 2089 loeo,
1105 2023 1200 2086 quem
1222 2003 1383 2088 integrum
1405 2021 1480 2070 esse
1502 2001 1568 2068 exi·

343 2111 449 2190 stimo,
474 2117 625 2178 uuonrnte
648 2109 809 2178 disseram
832 2117 874 2197 et,
897 2109 1060 2196 quomodo
1082 2108 1233 2177 videntur
1255 2108 1334 2176 milui
1356 2109 1567 2195 interpreten-

343 2215 404 2291 dus
428 2237 512 2296 esse,
536 2217 717 2305 explicabo.

432 2326 552 2394 Auetor
575 2326 645 2393 eius
669 2324 710 2392 de
733 2325 1008 2395 substantivorum
1030 2325 1204 2411 gonoribus
1223 2324 1391 2393 doetrinae
1409 2343 1493 2411 quoe
1506 2323 1569 2391 hoo

341 2489 554 2502 μ

434 2574 457 2647 1)
489 2577 539 2635 ild.
558 2577 643 2649 (Lips.
664 2573 747 2647 1808)
765 2594 792 2648 p.
811 2577 846 2633 67
865 2580 895 2634 et
913 2577 973 2634 166.

433 2665 458 2735 ’)
490 2667 530 2723 Oi.
550 2666 806 2739 Situungsberiehte
824 2668 852 2723 d.
870 2666 945 2723 Kaio
959 2667 1050 2724 Aliud
1068 2666 1096 2722 d.
1111 2666 1194 2723 Wiss.
1207 2665 1386 2722 Philon-hist
1401 2666 1441 2722 cl.
1460 2665 1567 2721 Voles

341 2755 473 2827 (vindob.
490 2754 572 2826 1861)
590 2775 616 2828 p.
627 2756 689 2825 1158,
703 2757 748 2812 ts:
765 2755 829 2813 Von
847 2756 971 2813 Voeulen
989 2758 1033 2813 die
1050 2758 1150 2813 immer
1167 2757 1271 2827 langen
1289 2753 1313 2807 H
1332 2756 1390 2811 und
1408 2752 1429 2806 ll
1447 2755 1505 2811 und
1521 2754 1567 2809 die

340 2844 621 2918 duppelneitigen
638 2843 689 2915 (τὰ
708 2842 963 2915 ἔπενιιινόμενα)
983 2842 1064 2897 nli
1081 2850 1111 2902 et
1128 2864 1155 2917 p.
1165 2845 1284 2911 idmst:
1303 2845 1357 2899 Mit
1374 2847 1431 2901 fust
1443 2844 1567 2917 gleieher

341 2934 631 2991 Aussehliesslieblreit
649 2935 771 3006 gehdren
790 2934 835 2990 die
854 2934 1011 3007 Endungen
1030 2930 1055 2985 H
1073 2934 1130 2990 und
1149 2931 1171 2985 u
1189 2935 1243 2990 den
1261 2931 1350 3006 θήλεα
1368 2952 1413 3000 nn,
1433 2935 1491 2989 und
1503 2934 1566 2988 dese

340 3025 435 3081 diesen
453 3026 495 3080 uls
513 3025 600 3080 drltte
618 3022 739 3094 Endung
756 3042 811 3081 von
829 3025 885 3080 den
902 3024 1178 3095 mittelzeitigen
1194 3024 1345 3080 Vooelen
1366 3024 1439 3081 noeh
1458 3021 1484 3075 Α
1503 3022 1565 3077 bin·

340 3114 473 3186 nngeiugt
491 3114 569 3181 vird,
587 3130 656 3185 meg
673 3112 719 3169 bei
737 3113 785 3169 der
804 3113 1035 3187 tberwiegenden
1053 3114 1120 3170 anrl
1138 3130 1193 3170 ron
1210 3112 1374 3171 Femininen
1391 3114 1479 3169 disses
1497 3112 1566 3167 llus

339 3222 430 3275 punge
448 3204 520 3285 ohne
537 3220 645 3274 grosses
664 3202 813 3261 Bedenken
832 3202 1049 3274 hingonommen
1067 3205 1186 3261 werden.

430 3310 453 3379 ⁸)
487 3310 649 3367 Aristoteles
667 3310 757 3367 Ueber
774 3310 821 3367 die
839 3310 1010 3367 Dichtkunst
1027 3312 1122 3379 (lenus
1141 3311 1221 3381 1876)
1239 3330 1267 3384 p.
1286 3312 1330 3368 55.

430 3418 456 3489 ι)
487 3419 580 3475 Verbo
597 3420 704 3477 Θιποοο
722 3419 764 3475 ite
782 3418 983 3490 interpretetus
1000 3423 1044 3477 est
1061 3421 1093 3476 E.
1112 3421 1205 3491 lippet
1223 3420 1252 3476 in
1271 3419 1349 3477 Esset
1366 3437 1414 3475 sur
1430 3416 1566 3473 l’histoire

340 3510 373 3565 de
391 3510 421 3565 le
438 3508 557 3578 tritique
575 3508 641 3565 cheu
659 3510 699 3564 les
718 3509 801 3565 Greos
820 3508 921 3575 (Puris.
941 3509 1021 3576 1849)
1039 3527 1066 3580 p.
1085 3508 1153 3565 llll:
1181 3509 1251 3565 Sunt
1273 3508 1403 3565 feminine
1425 3524 1494 3564 senx
1515 3507 1565 3576 qni
1597 3550 1601 3557 .

340 3616 369 3655 se
387 3599 538 3655 terminent
556 3616 607 3669 pur
625 3599 664 3653 les
682 3598 804 3668 voyelles
821 3598 946 3669 touionrs
964 3599 1088 3671 leugues,
1107 3596 1247 3655 oommell
1261 3617 1296 3654 ou
1312 3595 1342 3666 Ω,
1360 3616 1396 3654 ou
1414 3598 1472 3668 qui
1491 3615 1564 3668 peu·

339 3691 419 3745 vent
437 3688 642 3759 s'ellonger‚
661 3705 766 3745 comme
785 3686 821 3742 A.

429 3794 452 3863 ι)
484 3795 524 3853 Of.
543 3794 707 3865 Dionysium
727 3794 863 3853 Thracem
882 3813 909 3866 p.
931 3790 1565 3866 18,4α121,1(αᾶ.[111,)ὃα’ᾰνβραχιιι,

339 3882 561 3957 βραχονομένιρ
580 3883 702 3956 peripsum
720 3882 864 3956 ἐπιφέρηται
883 3883 927 3937 δύο
945 3883 1073 3957 σόμφοινα.
1105 3885 1278 3942 Voenbulum
1296 3882 1481 3957 βραχυνόμενον
1498 3884 1564 3940 Dio-

338 3976 434 4045 nysius
452 3974 606 4045 nsurpsrit.
625 3974 648 4030 si
667 3992 729 4030 enm
748 3975 804 4031 ello
821 3975 956 4031 vooubulo
974 3975 1102 4031 sollemni
1120 3973 1227 4046 (βραχύ)
1245 3975 1423 4031 ooniunetnm
1441 3978 1497 4042 est;
1520 3974 1564 4029 sin

339 4065 430 4141 aliter,
449 4065 531 4120 dixit:
560 4064 582 4115 rt
600 4070 649 4115 τῶν
668 4061 788 4135 διχρόνων
806 4065 887 4117 κατὰ
906 4062 1061 4136 οοοτολὴν
1080 4061 1410 4136 παραλαμβανόμενον
1428 4064 1467 4137 (p.
1478 4064 1521 4131 20,
1537 4064 1565 4133 1)

339 4159 368 4212 et
390 4154 519 4211 similiter
540 4153 563 4206 τὶ
585 4160 634 4205 τῶν
656 4150 775 4224 διχρόνων
803 4152 869 4206 κατ’
898 4151 1025 4207 ἔκτασιν
1051 4151 1377 4227 παραλαμβανόμενον
1403 4155 1442 4228 (p.
1462 4153 1565 4223 18,1);

338 4245 501 4303 vocobulum
521 4240 685 4314 ἔντεινόμενον
705 4245 780 4315 opud
798 4244 963 4315 Dionysium
981 4245 1114 4301 Thruoeru
1133 4262 1200 4301 ousu
1213 4263 1271 4301 non
1282 4245 1396 4316 legitur.
1424 4244 1464 4301 Of.
1478 4244 1565 4301 etism

339 4332 571 4415 Hephaestionem
588 4351 616 4403 p.
634 4334 660 4399 8,
679 4334 704 4389 6.
725 4333 767 4391 11.
788 4333 831 4389 17.
849 4333 875 4400 ό,
894 4334 920 4388 2.
940 4334 964 4401 1,
984 4335 1018 4389 13
1037 4334 1091 4402 (ed
1109 4334 1278 4406 Westphul).

428 4439 451 4509 ⁸)
469 4440 510 4497 Cf.
530 4440 665 4497 editiones
684 4458 752 4510 ques
770 4444 936 4497 duraverunt
949 4440 1120 4497 Godolredns
1132 4442 1274 4499 Hernmn
1286 4461 1313 4513 p.
1324 4444 1385 4510 166,
1402 4443 1565 4501 mmmmm

338 4532 431 4587 Ritter
448 4550 475 4602 p.
493 4530 554 4596 236,
578 4529 739 4585 Fruucisens
757 4528 896 4585 Susemihl
919 4548 947 4600 p.
966 4530 1018 4585 166
1036 4548 1086 4601 να,
1112 4532 1263 4587 Mauritius
1280 4532 1407 4589 Schmidt
1423 4552 1451 4603 p.
1468 4534 1505 4589 54
1521 4552 1564 4604 sq.

338 4625 366 4676 et
384 4618 642 4691 interpretationem
662 4618 854 4675 Germanicum
879 4618 1053 4675 ellriderioo
1075 4621 1227 4693 Uebm'wsg
1249 4621 1336 4692 (Lips.
1355 4622 1436 4691 1816)
1457 4623 1565 4679 editum

337 4708 568 4779 pfflffim
