<?xml version="1.0" encoding="UTF-8"?>
<!DOCTYPE html PUBLIC "-//W3C//DTD XHTML 1.0 Transitional//EN"
    "http://www.w3.org/TR/xhtml1/DTD/xhtml1-transitional.dtd">
<html xmlns="http://www.w3.org/1999/xhtml" xml:lang="en" lang="en">
 <head>
  <title>
</title>
<meta http-equiv="Content-Type" content="text/html;charset=utf-8" />
  <meta name='ocr-system' content='tesseract 3.04.00' />
  <meta name='ocr-capabilities' content='ocr_page ocr_carea ocr_par ocr_line ocrx_word'/>
</head>
<body>
  <div class='ocr_page' id='page_1' title='image "./detacitosenecae00zimmgoog_0567.png"; bbox 0 0 3459 5200; ppageno 0'>
   <div class='ocr_carea' id='block_1_1' title="bbox 215 496 1597 719">
    <p class='ocr_par' dir='ltr' id='par_1_1' title="bbox 215 496 1597 719">
     <span class='ocr_line' id='line_1_1' title="bbox 215 496 1597 627; baseline -0.006 -15"><span class='ocrx_word' id='word_1_1' title='bbox 215 496 218 506; x_wconf 29' lang='grc' dir='ltr'>Ι</span> <span class='ocrx_word' id='word_1_2' title='bbox 350 549 468 612; x_wconf 73' lang='lat' dir='ltr'>viar:</span> <span class='ocrx_word' id='word_1_3' title='bbox 495 550 676 627; x_wconf 72' lang='lat' dir='ltr'>naturaeque</span> <span class='ocrx_word' id='word_1_4' title='bbox 697 544 826 609; x_wconf 64' lang='lat' dir='ltr'>daedm</span> <span class='ocrx_word' id='word_1_5' title='bbox 847 566 955 609; x_wconf 73' lang='lat' dir='ltr'>rasam</span> <span class='ocrx_word' id='word_1_6' title='bbox 990 544 1030 609; x_wconf 88' lang='grc' dir='ltr'>ΙΙΙ</span> <span class='ocrx_word' id='word_1_7' title='bbox 1062 544 1147 623; x_wconf 65' lang='grc' dir='ltr'>173ε</span> <span class='ocrx_word' id='word_1_8' title='bbox 1191 542 1259 606; x_wconf 80' lang='lat' dir='ltr'>ideo</span> <span class='ocrx_word' id='word_1_9' title='bbox 1301 540 1422 606; x_wconf 81' lang='lat' dir='ltr'>litteras</span> <span class='ocrx_word' id='word_1_10' title='bbox 1462 538 1597 623; x_wconf 66' lang='lat' dir='ltr'>adfabre</span> 
     </span>
     <span class='ocr_line' id='line_1_2' title="bbox 1031 651 1596 719; baseline -0.005 0"><span class='ocrx_word' id='word_1_11' title='bbox 1031 674 1141 719; x_wconf 80' lang='lat' dir='ltr'>renam</span> <span class='ocrx_word' id='word_1_12' title='bbox 1160 653 1207 718; x_wconf 85' lang='lat' dir='ltr'>vel</span> <span class='ocrx_word' id='word_1_13' title='bbox 1227 657 1350 717; x_wconf 79' lang='lat' dir='ltr'>natcara</span> <span class='ocrx_word' id='word_1_14' title='bbox 1366 652 1413 717; x_wconf 86' lang='lat' dir='ltr'>cel</span> <span class='ocrx_word' id='word_1_15' title='bbox 1432 651 1596 717; x_wconf 75' lang='lat' dir='ltr'>industria</span> 
     </span>
    </p>
   </div>
   <div class='ocr_carea' id='block_1_2' title="bbox 805 731 1416 1022">
    <p class='ocr_par' dir='ltr' id='par_1_2' title="bbox 805 731 1416 1022">
     <span class='ocr_line' id='line_1_3' title="bbox 969 731 1416 851; baseline 0 -21"><span class='ocrx_word' id='word_1_16' title='bbox 969 731 973 849; x_wconf 91' lang='grc' dir='ltr'>Ι</span> <span class='ocrx_word' id='word_1_17' title='bbox 1028 765 1157 851; x_wconf 69' lang='lat' dir='ltr'>papea.</span> <span class='ocrx_word' id='word_1_18' title='bbox 1201 765 1416 849; x_wconf 72' lang='lat' dir='ltr'><strong>(Scioppius.)</strong></span> 
     </span>
     <span class='ocr_line' id='line_1_4' title="bbox 805 939 1144 1022; baseline -0.009 -18"><span class='ocrx_word' id='word_1_19' title='bbox 805 942 883 1005; x_wconf 90' lang='lat' dir='ltr'>Vlll.</span> <span class='ocrx_word' id='word_1_20' title='bbox 927 939 1144 1022; x_wconf 83' lang='lat' dir='ltr'>Vergilius.</span> 
     </span>
    </p>
   </div>
   <div class='ocr_carea' id='block_1_3' title="bbox 344 1073 1598 1702">
    <p class='ocr_par' dir='ltr' id='par_1_3' title="bbox 344 1073 1598 1702">
     <span class='ocr_line' id='line_1_5' title="bbox 432 1073 1597 1163; baseline -0.005 -19"><span class='ocrx_word' id='word_1_21' title='bbox 432 1080 697 1147; x_wconf 77' lang='lat' dir='ltr'><strong>Admirationem</strong></span> <span class='ocrx_word' id='word_1_22' title='bbox 719 1079 891 1163; x_wconf 85' lang='lat' dir='ltr'>profitetur</span> <span class='ocrx_word' id='word_1_23' title='bbox 914 1078 1036 1161; x_wconf 84' lang='lat' dir='ltr'>Symm.</span> <span class='ocrx_word' id='word_1_24' title='bbox 1059 1078 1074 1141; x_wconf 94' lang='lat' dir='ltr'>l</span> <span class='ocrx_word' id='word_1_25' title='bbox 1098 1079 1185 1155; x_wconf 61' lang='lat'>145:</span> <span class='ocrx_word' id='word_1_26' title='bbox 1206 1074 1253 1140; x_wconf 87' lang='lat' dir='ltr'>ita</span> <span class='ocrx_word' id='word_1_27' title='bbox 1275 1074 1322 1139; x_wconf 83' lang='lat' dir='ltr'>dii</span> <span class='ocrx_word' id='word_1_28' title='bbox 1343 1096 1391 1140; x_wconf 87' lang='lat' dir='ltr'>me</span> <span class='ocrx_word' id='word_1_29' title='bbox 1406 1073 1597 1159; x_wconf 66' lang='lat' dir='ltr'>prdabdem</span> 
     </span>
     <span class='ocr_line' id='line_1_6' title="bbox 344 1186 1596 1274; baseline -0.002 -19"><span class='ocrx_word' id='word_1_30' title='bbox 344 1194 517 1274; x_wconf 80' lang='lat' dir='ltr'>praestent,</span> <span class='ocrx_word' id='word_1_31' title='bbox 539 1194 576 1255; x_wconf 92' lang='lat' dir='ltr'>ut</span> <span class='ocrx_word' id='word_1_32' title='bbox 598 1210 651 1273; x_wconf 79' lang='lat' dir='ltr'>opo</span> <span class='ocrx_word' id='word_1_33' title='bbox 672 1189 727 1254; x_wconf 85' lang='lat' dir='ltr'>boc</span> <span class='ocrx_word' id='word_1_34' title='bbox 750 1195 841 1255; x_wconf 77' lang='lat' dir='ltr'>tracuus</span> <span class='ocrx_word' id='word_1_35' title='bbox 862 1208 990 1254; x_wconf 83' lang='lat' dir='ltr'>carnea</span> <span class='ocrx_word' id='word_1_36' title='bbox 1003 1186 1092 1253; x_wconf 71' lang='lat' dir='ltr'>libris</span> <span class='ocrx_word' id='word_1_37' title='bbox 1108 1186 1255 1253; x_wconf 83' lang='lat' dir='ltr'>Maronis</span> <span class='ocrx_word' id='word_1_38' title='bbox 1268 1187 1418 1271; x_wconf 76' lang='lat' dir='ltr'>adicenpo.</span> <span class='ocrx_word' id='word_1_39' title='bbox 1451 1186 1596 1253; x_wconf 80' lang='lat' dir='ltr'>Ratione</span> 
     </span>
     <span class='ocr_line' id='line_1_7' title="bbox 350 1300 1596 1386; baseline -0.005 -19"><span class='ocrx_word' id='word_1_40' title='bbox 350 1304 455 1385; x_wconf 77' lang='lat' dir='ltr'>magis</span> <span class='ocrx_word' id='word_1_41' title='bbox 472 1304 625 1368; x_wconf 90' lang='lat' dir='ltr'>minusve</span> <span class='ocrx_word' id='word_1_42' title='bbox 646 1305 823 1386; x_wconf 88' lang='lat' dir='ltr'>perspicua</span> <span class='ocrx_word' id='word_1_43' title='bbox 845 1324 881 1368; x_wconf 88' lang='lat' dir='ltr'>se</span> <span class='ocrx_word' id='word_1_44' title='bbox 897 1302 1030 1384; x_wconf 83' lang='lat' dir='ltr'>Vergilii</span> <span class='ocrx_word' id='word_1_45' title='bbox 1045 1302 1147 1367; x_wconf 90' lang='lat' dir='ltr'>verba</span> <span class='ocrx_word' id='word_1_46' title='bbox 1162 1301 1287 1367; x_wconf 83' lang='lat' dir='ltr'>referre</span> <span class='ocrx_word' id='word_1_47' title='bbox 1302 1300 1451 1365; x_wconf 82' lang='lat' dir='ltr'><strong>declarat</strong></span> <span class='ocrx_word' id='word_1_48' title='bbox 1470 1300 1484 1364; x_wconf 95' lang='lat' dir='ltr'>l</span> <span class='ocrx_word' id='word_1_49' title='bbox 1500 1300 1596 1377; x_wconf 76' lang='grc'><strong>1,4.9</strong></span> 
     </span>
     <span class='ocr_line' id='line_1_8' title="bbox 349 1410 1598 1497; baseline -0.005 -18"><span class='ocrx_word' id='word_1_50' title='bbox 349 1414 390 1479; x_wconf 92' lang='grc' dir='ltr'>ΙΙΙ</span> <span class='ocrx_word' id='word_1_51' title='bbox 411 1416 483 1492; x_wconf 76' lang='grc'><strong>45,1</strong></span> <span class='ocrx_word' id='word_1_52' title='bbox 514 1414 554 1479; x_wconf 89' lang='lat' dir='ltr'>Vl</span> <span class='ocrx_word' id='word_1_53' title='bbox 576 1416 648 1493; x_wconf 59' lang='lat'>672</span> <span class='ocrx_word' id='word_1_54' title='bbox 678 1436 725 1480; x_wconf 94' lang='lat' dir='ltr'>or.</span> <span class='ocrx_word' id='word_1_55' title='bbox 749 1415 842 1479; x_wconf 85' lang='lat'>1116.</span> <span class='ocrx_word' id='word_1_56' title='bbox 865 1416 896 1479; x_wconf 91' lang='grc'>9.</span> <span class='ocrx_word' id='word_1_57' title='bbox 946 1414 1103 1481; x_wconf 83' lang='lat' dir='ltr'>Carmina</span> <span class='ocrx_word' id='word_1_58' title='bbox 1130 1412 1408 1497; x_wconf 87' lang='lat' dir='ltr'>quemadmodum</span> <span class='ocrx_word' id='word_1_59' title='bbox 1435 1410 1598 1477; x_wconf 88' lang='lat' dir='ltr'>memoria</span> 
     </span>
     <span class='ocr_line' id='line_1_9' title="bbox 349 1524 1596 1605; baseline -0.003 -14"><span class='ocrx_word' id='word_1_60' title='bbox 349 1527 504 1605; x_wconf 88' lang='lat' dir='ltr'>tenuerit,</span> <span class='ocrx_word' id='word_1_61' title='bbox 535 1526 677 1590; x_wconf 87' lang='lat' dir='ltr'>elucebit</span> <span class='ocrx_word' id='word_1_62' title='bbox 708 1547 747 1591; x_wconf 88' lang='lat' dir='ltr'>ex</span> <span class='ocrx_word' id='word_1_63' title='bbox 774 1546 931 1591; x_wconf 87' lang='lat' dir='ltr'>versuum</span> <span class='ocrx_word' id='word_1_64' title='bbox 958 1526 1145 1591; x_wconf 75' lang='lat' dir='ltr'>adlatarum</span> <span class='ocrx_word' id='word_1_65' title='bbox 1173 1544 1322 1590; x_wconf 87' lang='lat' dir='ltr'>numero.</span> <span class='ocrx_word' id='word_1_66' title='bbox 1368 1524 1454 1589; x_wconf 83' lang='lat' dir='ltr'>Sunt</span> <span class='ocrx_word' id='word_1_67' title='bbox 1484 1527 1596 1589; x_wconf 88' lang='lat' dir='ltr'>autem</span> 
     </span>
     <span class='ocr_line' id='line_1_10' title="bbox 350 1636 487 1702; baseline -0.015 0"><span class='ocrx_word' id='word_1_68' title='bbox 350 1636 386 1702; x_wconf 92' lang='lat' dir='ltr'>hi</span> <span class='ocrx_word' id='word_1_69' title='bbox 409 1638 487 1702; x_wconf 85' lang='lat' dir='ltr'>iere.</span> 
     </span>
    </p>
   </div>
   <div class='ocr_carea' id='block_1_4' title="bbox 435 1766 872 1851">
    <p class='ocr_par' dir='ltr' id='par_1_4' title="bbox 435 1766 872 1851">
     <span class='ocr_line' id='line_1_11' title="bbox 435 1766 872 1851; baseline 0.007 -20"><span class='ocrx_word' id='word_1_70' title='bbox 435 1766 484 1833; x_wconf 84' lang='lat' dir='ltr'>Ex</span> <span class='ocrx_word' id='word_1_71' title='bbox 507 1766 747 1851; x_wconf 83' lang='lat' dir='ltr'>Eclogarurn</span> <span class='ocrx_word' id='word_1_72' title='bbox 769 1768 872 1834; x_wconf 88' lang='lat' dir='ltr'>libro:</span> 
     </span>
    </p>
   </div>
   <div class='ocr_carea' id='block_1_5' title="bbox 348 1894 1598 2654">
    <p class='ocr_par' dir='ltr' id='par_1_5' title="bbox 348 1894 1598 2654">
     <span class='ocr_line' id='line_1_12' title="bbox 352 1894 1598 1979; baseline -0.002 -16"><span class='ocrx_word' id='word_1_73' title='bbox 352 1899 436 1975; x_wconf 73' lang='lat' dir='ltr'>tao:</span> <span class='ocrx_word' id='word_1_74' title='bbox 460 1894 796 1979; x_wconf 77' lang='lat' dir='ltr'>candidiorpostquam</span> <span class='ocrx_word' id='word_1_75' title='bbox 812 1896 955 1962; x_wconf 75' lang='lat' dir='ltr'>tondenti</span> <span class='ocrx_word' id='word_1_76' title='bbox 990 1899 1031 1963; x_wconf 91' lang='lat' dir='ltr'>IV</span> <span class='ocrx_word' id='word_1_77' title='bbox 1056 1899 1141 1979; x_wconf 65' lang='lat'>183:</span> <span class='ocrx_word' id='word_1_78' title='bbox 1177 1901 1302 1962; x_wconf 65' lang='lat' dir='ltr'>mutum</span> <span class='ocrx_word' id='word_1_79' title='bbox 1329 1895 1427 1975; x_wconf 82' lang='lat' dir='ltr'>abest,</span> <span class='ocrx_word' id='word_1_80' title='bbox 1460 1900 1499 1961; x_wconf 91' lang='lat' dir='ltr'>ut</span> <span class='ocrx_word' id='word_1_81' title='bbox 1522 1894 1598 1961; x_wconf 76' lang='lat' dir='ltr'>laec</span> 
     </span>
     <span class='ocr_line' id='line_1_13' title="bbox 390 2007 1597 2093; baseline 0.001 -21"><span class='ocrx_word' id='word_1_82' title='bbox 390 2007 484 2073; x_wconf 78' lang='lat' dir='ltr'>barba</span> <span class='ocrx_word' id='word_1_83' title='bbox 506 2007 639 2073; x_wconf 69' lang='lat' dir='ltr'>cadebu.</span> <span class='ocrx_word' id='word_1_84' title='bbox 1031 2008 1130 2075; x_wconf 72' lang='lat' dir='ltr'>auctis</span> <span class='ocrx_word' id='word_1_85' title='bbox 1157 2008 1194 2073; x_wconf 88' lang='lat' dir='ltr'>iu</span> <span class='ocrx_word' id='word_1_86' title='bbox 1221 2014 1376 2074; x_wconf 77' lang='lat' dir='ltr'>senectam</span> <span class='ocrx_word' id='word_1_87' title='bbox 1396 2007 1597 2093; x_wconf 76' lang='lat' dir='ltr'>serpentibus</span> 
     </span>
     <span class='ocr_line' id='line_1_14' title="bbox 1031 2120 1542 2187; baseline -0.002 -2"><span class='ocrx_word' id='word_1_88' title='bbox 1031 2120 1140 2185; x_wconf 80' lang='lat' dir='ltr'>velim:</span> <span class='ocrx_word' id='word_1_89' title='bbox 1161 2120 1326 2187; x_wconf 73' lang='lat' dir='ltr'>candidior</span> <span class='ocrx_word' id='word_1_90' title='bbox 1347 2156 1389 2169; x_wconf 91' lang='lat'>-</span> <span class='ocrx_word' id='word_1_91' title='bbox 1410 2120 1542 2187; x_wconf 75' lang='lat' dir='ltr'>cadebat.</span> 
     </span>
     <span class='ocr_line' id='line_1_15' title="bbox 348 2230 1595 2315; baseline -0.001 -17"><span class='ocrx_word' id='word_1_92' title='bbox 348 2234 436 2313; x_wconf 59' lang='lat'>220:</span> <span class='ocrx_word' id='word_1_93' title='bbox 457 2250 553 2313; x_wconf 77' lang='lat' dir='ltr'>quam</span> <span class='ocrx_word' id='word_1_94' title='bbox 574 2230 659 2296; x_wconf 87' lang='lat' dir='ltr'>dives</span> <span class='ocrx_word' id='word_1_95' title='bbox 675 2230 804 2315; x_wconf 62' lang='lat' dir='ltr'>acea.</span> <span class='ocrx_word' id='word_1_96' title='bbox 990 2235 1030 2299; x_wconf 91' lang='lat' dir='ltr'>lv</span> <span class='ocrx_word' id='word_1_97' title='bbox 1057 2235 1147 2313; x_wconf 87' lang='lat'>58‚3:</span> <span class='ocrx_word' id='word_1_98' title='bbox 1190 2255 1262 2298; x_wconf 78' lang='lat' dir='ltr'>aum</span> <span class='ocrx_word' id='word_1_99' title='bbox 1293 2232 1336 2297; x_wconf 84' lang='lat' dir='ltr'>sit</span> <span class='ocrx_word' id='word_1_100' title='bbox 1368 2232 1454 2298; x_wconf 87' lang='lat' dir='ltr'>dices</span> <span class='ocrx_word' id='word_1_101' title='bbox 1484 2232 1595 2315; x_wconf 56' lang='lat' dir='ltr'>quini</span> 
     </span>
     <span class='ocr_line' id='line_1_16' title="bbox 1027 2344 1343 2429; baseline 0.003 -20"><span class='ocrx_word' id='word_1_102' title='bbox 1027 2344 1150 2429; x_wconf 72' lang='lat' dir='ltr'>pecoris</span> <span class='ocrx_word' id='word_1_103' title='bbox 1171 2344 1343 2429; x_wconf 75' lang='lat' dir='ltr'>Hispania.</span> 
     </span>
     <span class='ocr_line' id='line_1_17' title="bbox 348 2454 1592 2541; baseline -0.001 -19"><span class='ocrx_word' id='word_1_104' title='bbox 348 2458 457 2541; x_wconf 83' lang='lat'><strong>3,103:</strong></span> <span class='ocrx_word' id='word_1_105' title='bbox 486 2454 590 2521; x_wconf 67' lang='lat' dir='ltr'>nesae</span> <span class='ocrx_word' id='word_1_106' title='bbox 611 2454 683 2539; x_wconf 75' lang='lat' dir='ltr'>prais</span> <span class='ocrx_word' id='word_1_107' title='bbox 706 2459 826 2521; x_wconf 85' lang='lat' dir='ltr'>teneros</span> <span class='ocrx_word' id='word_1_108' title='bbox 848 2454 955 2521; x_wconf 71' lang='lat' dir='ltr'>acidius</span> <span class='ocrx_word' id='word_1_109' title='bbox 989 2458 1079 2523; x_wconf 79' lang='lat'>148:</span> <span class='ocrx_word' id='word_1_110' title='bbox 1101 2456 1174 2539; x_wconf 76' lang='lat' dir='ltr'>quis</span> <span class='ocrx_word' id='word_1_111' title='bbox 1196 2456 1303 2521; x_wconf 77' lang='lat' dir='ltr'>caelus</span> <span class='ocrx_word' id='word_1_112' title='bbox 1314 2455 1486 2539; x_wconf 75' lang='lat' dir='ltr'>fascinavit</span> <span class='ocrx_word' id='word_1_113' title='bbox 1500 2456 1592 2522; x_wconf 79' lang='lat' dir='ltr'>desti-</span> 
     </span>
     <span class='ocr_line' id='line_1_18' title="bbox 389 2566 1321 2654; baseline 0.001 -20"><span class='ocrx_word' id='word_1_114' title='bbox 389 2566 469 2634; x_wconf 86' lang='lat' dir='ltr'>milu&#39;</span> <span class='ocrx_word' id='word_1_115' title='bbox 489 2567 629 2651; x_wconf 70' lang='lat' dir='ltr'>fmauat</span> <span class='ocrx_word' id='word_1_116' title='bbox 652 2587 758 2652; x_wconf 86' lang='lat' dir='ltr'>apuos.</span> <span class='ocrx_word' id='word_1_117' title='bbox 1031 2574 1143 2636; x_wconf 71' lang='lat' dir='ltr'>naam</span> <span class='ocrx_word' id='word_1_118' title='bbox 1164 2567 1321 2654; x_wconf 61' lang='lat' dir='ltr'>quanm?</span> 
     </span>
    </p>
   </div>
   <div class='ocr_carea' id='block_1_6' title="bbox 346 2708 1596 4024">
    <p class='ocr_par' dir='ltr' id='par_1_6' title="bbox 346 2708 1596 4024">
     <span class='ocr_line' id='line_1_19' title="bbox 346 2708 1594 2794; baseline 0.001 -20"><span class='ocrx_word' id='word_1_119' title='bbox 346 2711 377 2774; x_wconf 77' lang='lat'>4.</span> <span class='ocrx_word' id='word_1_120' title='bbox 415 2709 486 2774; x_wconf 90' lang='lat' dir='ltr'>Hoc</span> <span class='ocrx_word' id='word_1_121' title='bbox 509 2729 645 2774; x_wconf 90' lang='lat' dir='ltr'>carmen</span> <span class='ocrx_word' id='word_1_122' title='bbox 660 2712 697 2773; x_wconf 89' lang='lat' dir='ltr'>ut</span> <span class='ocrx_word' id='word_1_123' title='bbox 713 2710 746 2773; x_wconf 91' lang='lat' dir='ltr'>in</span> <span class='ocrx_word' id='word_1_124' title='bbox 762 2729 860 2774; x_wconf 88' lang='lat' dir='ltr'>usum</span> <span class='ocrx_word' id='word_1_125' title='bbox 877 2729 973 2775; x_wconf 91' lang='lat' dir='ltr'>suum</span> <span class='ocrx_word' id='word_1_126' title='bbox 989 2713 1199 2776; x_wconf 87' lang='lat' dir='ltr'>converteret</span> <span class='ocrx_word' id='word_1_127' title='bbox 1214 2711 1337 2794; x_wconf 82' lang='lat' dir='ltr'>Symm.</span> <span class='ocrx_word' id='word_1_128' title='bbox 1354 2710 1398 2775; x_wconf 88' lang='lat' dir='ltr'>ad</span> <span class='ocrx_word' id='word_1_129' title='bbox 1412 2708 1594 2776; x_wconf 85' lang='lat' dir='ltr'>Christiani</span> 
     </span>
     <span class='ocr_line' id='line_1_20' title="bbox 392 2821 1595 2904; baseline 0.002 -20"><span class='ocrx_word' id='word_1_130' title='bbox 392 2821 605 2904; x_wconf 89' lang='lat' dir='ltr'>imperatoris</span> <span class='ocrx_word' id='word_1_131' title='bbox 629 2821 744 2886; x_wconf 89' lang='lat' dir='ltr'>laudes</span> <span class='ocrx_word' id='word_1_132' title='bbox 770 2821 1000 2901; x_wconf 66' lang='lat' dir='ltr'>celebrandas</span> <span class='ocrx_word' id='word_1_133' title='bbox 1023 2823 1167 2888; x_wconf 86' lang='lat' dir='ltr'>tortasse</span> <span class='ocrx_word' id='word_1_134' title='bbox 1190 2842 1260 2887; x_wconf 91' lang='lat' dir='ltr'>non</span> <span class='ocrx_word' id='word_1_135' title='bbox 1283 2843 1364 2889; x_wconf 89' lang='lat' dir='ltr'>casn</span> <span class='ocrx_word' id='word_1_136' title='bbox 1387 2824 1510 2888; x_wconf 84' lang='lat' dir='ltr'>facturn</span> <span class='ocrx_word' id='word_1_137' title='bbox 1533 2826 1595 2887; x_wconf 86' lang='lat' dir='ltr'>est.</span> 
     </span>
     <span class='ocr_line' id='line_1_21' title="bbox 389 2933 1594 3018; baseline 0.001 -19"><span class='ocrx_word' id='word_1_138' title='bbox 389 2933 453 3014; x_wconf 82' lang='lat' dir='ltr'>(af.</span> <span class='ocrx_word' id='word_1_139' title='bbox 476 2933 680 2999; x_wconf 81' lang='lat' dir='ltr'>Creizenach</span> <span class='ocrx_word' id='word_1_140' title='bbox 712 2955 823 3017; x_wconf 80' lang='lat' dir='ltr'><strong>progr.</strong></span> <span class='ocrx_word' id='word_1_141' title='bbox 857 2955 966 3018; x_wconf 81' lang='lat' dir='ltr'>gymn.</span> <span class='ocrx_word' id='word_1_142' title='bbox 998 2934 1177 3001; x_wconf 83' lang='lat' dir='ltr'>Frankturt</span> <span class='ocrx_word' id='word_1_143' title='bbox 1199 2956 1228 3001; x_wconf 89' lang='lat' dir='ltr'>a.</span> <span class='ocrx_word' id='word_1_144' title='bbox 1250 2935 1292 2999; x_wconf 81' lang='lat' dir='ltr'>M.</span> <span class='ocrx_word' id='word_1_145' title='bbox 1326 2934 1408 3000; x_wconf 73' lang='lat'>1864</span> <span class='ocrx_word' id='word_1_146' title='bbox 1439 2957 1471 3018; x_wconf 89' lang='lat' dir='ltr'>p.</span> <span class='ocrx_word' id='word_1_147' title='bbox 1496 2935 1559 3017; x_wconf 82' lang='lat'>10.)</span> <span class='ocrx_word' id='word_1_148' title='bbox 1570 2934 1594 3017; x_wconf 86' lang='lat'>¹)</span> 
     </span>
     <span class='ocr_line' id='line_1_22' title="bbox 390 3043 1596 3131; baseline 0.001 -24"><span class='ocrx_word' id='word_1_149' title='bbox 390 3045 498 3108; x_wconf 90' lang='lat' dir='ltr'>Locus</span> <span class='ocrx_word' id='word_1_150' title='bbox 522 3049 573 3109; x_wconf 89' lang='lat' dir='ltr'>est</span> <span class='ocrx_word' id='word_1_151' title='bbox 596 3045 631 3109; x_wconf 91' lang='lat' dir='ltr'>in</span> <span class='ocrx_word' id='word_1_152' title='bbox 654 3066 701 3110; x_wconf 91' lang='lat' dir='ltr'>or.</span> <span class='ocrx_word' id='word_1_153' title='bbox 718 3045 757 3110; x_wconf 87' lang='grc' dir='ltr'>ΠΙ</span> <span class='ocrx_word' id='word_1_154' title='bbox 773 3047 808 3110; x_wconf 85' lang='lat'>9:</span> <span class='ocrx_word' id='word_1_155' title='bbox 830 3044 859 3109; x_wconf 82' lang='lat' dir='ltr'>si</span> <span class='ocrx_word' id='word_1_156' title='bbox 880 3043 960 3109; x_wconf 84' lang='lat' dir='ltr'>mibi</span> <span class='ocrx_word' id='word_1_157' title='bbox 981 3065 1071 3110; x_wconf 75' lang='lat' dir='ltr'>ucecia</span> <span class='ocrx_word' id='word_1_158' title='bbox 1091 3044 1188 3110; x_wconf 79' lang='lat' dir='ltr'>atticas</span> <span class='ocrx_word' id='word_1_159' title='bbox 1209 3044 1336 3131; x_wconf 69' lang='lat' dir='ltr'>eappan</span> <span class='ocrx_word' id='word_1_160' title='bbox 1352 3043 1471 3129; x_wconf 81' lang='lat' dir='ltr'>poetico</span> <span class='ocrx_word' id='word_1_161' title='bbox 1492 3044 1596 3109; x_wconf 87' lang='lat' dir='ltr'>liceret</span> 
     </span>
     <span class='ocr_line' id='line_1_23' title="bbox 389 3137 1596 3242; baseline 0.002 -24"><span class='ocrx_word' id='word_1_162' title='bbox 389 3153 523 3236; x_wconf 54' lang='lat' dir='ltr'>derata,</span> <span class='ocrx_word' id='word_1_163' title='bbox 558 3160 657 3220; x_wconf 83' lang='lat' dir='ltr'>totum</span> <span class='ocrx_word' id='word_1_164' title='bbox 684 3137 722 3220; x_wconf 85' lang='lat' dir='ltr'>de</span> <span class='ocrx_word' id='word_1_165' title='bbox 747 3177 843 3221; x_wconf 87' lang='lat' dir='ltr'>nouo</span> <span class='ocrx_word' id='word_1_166' title='bbox 875 3155 1027 3221; x_wconf 87' lang='lat' dir='ltr'>saecuto</span> <span class='ocrx_word' id='word_1_167' title='bbox 1059 3158 1101 3239; x_wconf 87' lang='lat' dir='ltr'>(v.</span> <span class='ocrx_word' id='word_1_168' title='bbox 1130 3160 1166 3223; x_wconf 89' lang='lat'>5:</span> <span class='ocrx_word' id='word_1_169' title='bbox 1200 3177 1335 3242; x_wconf 81' lang='lat' dir='ltr'>napnus</span> <span class='ocrx_word' id='word_1_170' title='bbox 1366 3157 1409 3222; x_wconf 90' lang='lat' dir='ltr'>ab</span> <span class='ocrx_word' id='word_1_171' title='bbox 1441 3157 1596 3241; x_wconf 81' lang='lat' dir='ltr'>intepro</span> 
     </span>
     <span class='ocr_line' id='line_1_24' title="bbox 389 3265 1594 3352; baseline 0.002 -21"><span class='ocrx_word' id='word_1_172' title='bbox 389 3265 559 3332; x_wconf 68' lang='lat' dir='ltr'>snectutem</span> <span class='ocrx_word' id='word_1_173' title='bbox 584 3267 730 3334; x_wconf 76' lang='lat' dir='ltr'>uusatu</span> <span class='ocrx_word' id='word_1_174' title='bbox 755 3269 841 3352; x_wconf 77' lang='lat' dir='ltr'>ordo)</span> <span class='ocrx_word' id='word_1_175' title='bbox 865 3268 1012 3334; x_wconf 83' lang='lat' dir='ltr'>Maronis</span> <span class='ocrx_word' id='word_1_176' title='bbox 1033 3289 1202 3334; x_wconf 57' lang='lat' dir='ltr'>accursum</span> <span class='ocrx_word' id='word_1_177' title='bbox 1223 3269 1289 3334; x_wconf 86' lang='lat' dir='ltr'>cati</span> <span class='ocrx_word' id='word_1_178' title='bbox 1310 3268 1423 3334; x_wconf 76' lang='lat' dir='ltr'>similis</span> <span class='ocrx_word' id='word_1_179' title='bbox 1444 3269 1482 3333; x_wconf 87' lang='lat' dir='ltr'>in</span> <span class='ocrx_word' id='word_1_180' title='bbox 1503 3273 1594 3334; x_wconf 76' lang='lat' dir='ltr'>tutan</span> 
     </span>
     <span class='ocr_line' id='line_1_25' title="bbox 387 3379 1594 3466; baseline 0.002 -22"><span class='ocrx_word' id='word_1_181' title='bbox 387 3399 502 3444; x_wconf 82' lang='lat' dir='ltr'>nomeu</span> <span class='ocrx_word' id='word_1_182' title='bbox 527 3379 721 3446; x_wconf 75' lang='lat' dir='ltr'>eucniberem.</span> <span class='ocrx_word' id='word_1_183' title='bbox 766 3379 898 3446; x_wconf 78' lang='lat' dir='ltr'>dicaam</span> <span class='ocrx_word' id='word_1_184' title='bbox 926 3380 1005 3446; x_wconf 81' lang='lat' dir='ltr'>caeto</span> <span class='ocrx_word' id='word_1_185' title='bbox 1026 3381 1142 3447; x_wconf 82' lang='lat' dir='ltr'>redisse</span> <span class='ocrx_word' id='word_1_186' title='bbox 1167 3379 1361 3466; x_wconf 57' lang='lat' dir='ltr'>Iustitiam)</span> <span class='ocrx_word' id='word_1_187' title='bbox 1393 3382 1437 3464; x_wconf 84' lang='lat' dir='ltr'>(v.</span> <span class='ocrx_word' id='word_1_188' title='bbox 1459 3385 1496 3447; x_wconf 82' lang='lat' dir='ltr'>a:</span> <span class='ocrx_word' id='word_1_189' title='bbox 1528 3379 1594 3446; x_wconf 83' lang='lat' dir='ltr'>iam</span> 
     </span>
     <span class='ocr_line' id='line_1_26' title="bbox 389 3491 1592 3578; baseline 0.002 -22"><span class='ocrx_word' id='word_1_190' title='bbox 389 3491 470 3556; x_wconf 79' lang='lat' dir='ltr'>redit</span> <span class='ocrx_word' id='word_1_191' title='bbox 491 3495 521 3555; x_wconf 91' lang='lat' dir='ltr'>et</span> <span class='ocrx_word' id='word_1_192' title='bbox 542 3491 642 3576; x_wconf 78' lang='lat' dir='ltr'>oirpo)</span> <span class='ocrx_word' id='word_1_193' title='bbox 675 3497 704 3556; x_wconf 91' lang='lat' dir='ltr'>et</span> <span class='ocrx_word' id='word_1_194' title='bbox 725 3491 833 3557; x_wconf 77' lang='lat' dir='ltr'>cultro</span> <span class='ocrx_word' id='word_1_195' title='bbox 854 3492 961 3557; x_wconf 78' lang='lat' dir='ltr'>iuberes</span> <span class='ocrx_word' id='word_1_196' title='bbox 981 3492 1065 3576; x_wconf 77' lang='lat' dir='ltr'>fetus</span> <span class='ocrx_word' id='word_1_197' title='bbox 1085 3492 1151 3558; x_wconf 68' lang='lat' dir='ltr'>um</span> <span class='ocrx_word' id='word_1_198' title='bbox 1173 3492 1339 3578; x_wconf 58' lang='lat' dir='ltr'>praesidum</span> <span class='ocrx_word' id='word_1_199' title='bbox 1364 3493 1514 3576; x_wconf 61' lang='lat' dir='ltr'>specim</span> <span class='ocrx_word' id='word_1_200' title='bbox 1533 3512 1592 3558; x_wconf 88' lang='lat' dir='ltr'>na·</span> 
     </span>
     <span class='ocr_line' id='line_1_27' title="bbox 391 3603 1594 3689; baseline 0.002 -22"><span class='ocrx_word' id='word_1_201' title='bbox 391 3609 497 3667; x_wconf 74' lang='lat' dir='ltr'>tucrum</span> <span class='ocrx_word' id='word_1_202' title='bbox 512 3603 556 3686; x_wconf 82' lang='lat' dir='ltr'>(v.</span> <span class='ocrx_word' id='word_1_203' title='bbox 575 3606 613 3670; x_wconf 91' lang='lat'>18</span> <span class='ocrx_word' id='word_1_204' title='bbox 621 3625 633 3667; x_wconf 51' lang='lat'>:¹</span> <span class='ocrx_word' id='word_1_205' title='bbox 652 3603 739 3668; x_wconf 75' lang='lat' dir='ltr'>noello</span> <span class='ocrx_word' id='word_1_206' title='bbox 752 3605 944 3670; x_wconf 83' lang='lat' dir='ltr'>mccuuscula</span> <span class='ocrx_word' id='word_1_207' title='bbox 958 3604 1045 3670; x_wconf 71' lang='lat' dir='ltr'>accitu</span> <span class='ocrx_word' id='word_1_208' title='bbox 1061 3655 1068 3670; x_wconf 95' lang='lat'>.</span> <span class='ocrx_word' id='word_1_209' title='bbox 1085 3657 1091 3671; x_wconf 94' lang='lat'>.</span> <span class='ocrx_word' id='word_1_210' title='bbox 1110 3607 1146 3689; x_wconf 87' lang='lat'>.);</span> <span class='ocrx_word' id='word_1_211' title='bbox 1168 3625 1258 3670; x_wconf 78' lang='lat' dir='ltr'>necno</span> <span class='ocrx_word' id='word_1_212' title='bbox 1271 3604 1351 3669; x_wconf 81' lang='lat' dir='ltr'>mihi</span> <span class='ocrx_word' id='word_1_213' title='bbox 1365 3605 1403 3669; x_wconf 86' lang='lat' dir='ltr'>iu</span> <span class='ocrx_word' id='word_1_214' title='bbox 1411 3605 1594 3688; x_wconf 81' lang='lat' dir='ltr'>patentibus</span> 
     </span>
     <span class='ocr_line' id='line_1_28' title="bbox 393 3715 1592 3801; baseline 0.003 -22"><span class='ocrx_word' id='word_1_215' title='bbox 393 3715 510 3798; x_wconf 76' lang='lat' dir='ltr'>campis</span> <span class='ocrx_word' id='word_1_216' title='bbox 531 3719 639 3798; x_wconf 84' lang='lat' dir='ltr'>sponte</span> <span class='ocrx_word' id='word_1_217' title='bbox 659 3736 742 3800; x_wconf 80' lang='lat' dir='ltr'>sepes</span> <span class='ocrx_word' id='word_1_218' title='bbox 763 3720 892 3782; x_wconf 77' lang='lat' dir='ltr'>nutrire</span> <span class='ocrx_word' id='word_1_219' title='bbox 912 3715 1144 3799; x_wconf 76' lang='lat' dir='ltr'>flavesceret</span> <span class='ocrx_word' id='word_1_220' title='bbox 1177 3719 1219 3800; x_wconf 86' lang='lat' dir='ltr'>(v.</span> <span class='ocrx_word' id='word_1_221' title='bbox 1241 3718 1299 3783; x_wconf 72' lang='lat'>28:</span> <span class='ocrx_word' id='word_1_222' title='bbox 1331 3717 1417 3782; x_wconf 80' lang='lat' dir='ltr'>molli</span> <span class='ocrx_word' id='word_1_223' title='bbox 1435 3717 1592 3801; x_wconf 63' lang='lat' dir='ltr'>pardaim</span> 
     </span>
     <span class='ocr_line' id='line_1_29' title="bbox 389 3827 1593 3915; baseline 0.004 -24"><span class='ocrx_word' id='word_1_224' title='bbox 389 3827 531 3908; x_wconf 64' lang='lat' dir='ltr'>flacesm</span> <span class='ocrx_word' id='word_1_225' title='bbox 552 3848 680 3911; x_wconf 86' lang='lat' dir='ltr'>campus</span> <span class='ocrx_word' id='word_1_226' title='bbox 701 3828 825 3912; x_wconf 66' lang='lat' dir='ltr'>arum),</span> <span class='ocrx_word' id='word_1_227' title='bbox 858 3829 897 3894; x_wconf 87' lang='lat' dir='ltr'>in</span> <span class='ocrx_word' id='word_1_228' title='bbox 917 3829 1100 3894; x_wconf 76' lang='lat' dir='ltr'>sentibus</span> <span class='ocrx_word' id='word_1_229' title='bbox 1120 3850 1195 3894; x_wconf 78' lang='lat' dir='ltr'>caua</span> <span class='ocrx_word' id='word_1_230' title='bbox 1216 3834 1355 3915; x_wconf 76' lang='lat' dir='ltr'>turparet</span> <span class='ocrx_word' id='word_1_231' title='bbox 1386 3829 1429 3912; x_wconf 86' lang='lat' dir='ltr'>(v.</span> <span class='ocrx_word' id='word_1_232' title='bbox 1452 3833 1507 3896; x_wconf 69' lang='lat'>99:</span> <span class='ocrx_word' id='word_1_233' title='bbox 1538 3829 1593 3895; x_wconf 81' lang='lat' dir='ltr'>ia-</span> 
     </span>
     <span class='ocr_line' id='line_1_30' title="bbox 389 3938 1593 4024; baseline 0.002 -20"><span class='ocrx_word' id='word_1_234' title='bbox 389 3938 540 4022; x_wconf 79' lang='lat' dir='ltr'>cultisque</span> <span class='ocrx_word' id='word_1_235' title='bbox 561 3940 678 4006; x_wconf 74' lang='lat' dir='ltr'>roubais</span> <span class='ocrx_word' id='word_1_236' title='bbox 694 3940 842 4024; x_wconf 75' lang='lat' dir='ltr'>pandebit</span> <span class='ocrx_word' id='word_1_237' title='bbox 863 3941 1003 4007; x_wconf 85' lang='lat' dir='ltr'>sentibus</span> <span class='ocrx_word' id='word_1_238' title='bbox 1023 3947 1109 4024; x_wconf 83' lang='lat' dir='ltr'>uua),</span> <span class='ocrx_word' id='word_1_239' title='bbox 1142 3943 1180 4008; x_wconf 88' lang='lat' dir='ltr'>de</span> <span class='ocrx_word' id='word_1_240' title='bbox 1201 3941 1362 4024; x_wconf 78' lang='lat' dir='ltr'>quernis</span> <span class='ocrx_word' id='word_1_241' title='bbox 1382 3941 1593 4024; x_wconf 74' lang='lat' dir='ltr'>frondibus</span> 
     </span>
    </p>
   </div>
   <div class='ocr_carea' id='block_1_7' title="bbox 345 4180 1594 4779">
    <p class='ocr_par' dir='ltr' id='par_1_7' title="bbox 345 4180 1594 4430">
     <span class='ocr_line' id='line_1_31' title="bbox 346 4180 1594 4254; baseline 0.002 -17"><span class='ocrx_word' id='word_1_242' title='bbox 346 4187 377 4237; x_wconf 87' lang='lat' dir='ltr'>ut</span> <span class='ocrx_word' id='word_1_243' title='bbox 400 4181 505 4238; x_wconf 69' lang='lat' dir='ltr'>novato</span> <span class='ocrx_word' id='word_1_244' title='bbox 522 4180 617 4252; x_wconf 67' lang='lat' dir='ltr'>audeas</span> <span class='ocrx_word' id='word_1_245' title='bbox 632 4181 756 4252; x_wconf 69' lang='lat' dir='ltr'>statibus</span> <span class='ocrx_word' id='word_1_246' title='bbox 772 4187 975 4254; x_wconf 79' lang='lat' dir='ltr'>perstrepamur</span> <span class='ocrx_word' id='word_1_247' title='bbox 992 4186 1040 4239; x_wconf 88' lang='lat' dir='ltr'>VII</span> <span class='ocrx_word' id='word_1_248' title='bbox 1060 4186 1121 4239; x_wconf 72' lang='lat'>114:</span> <span class='ocrx_word' id='word_1_249' title='bbox 1147 4199 1196 4239; x_wconf 82' lang='lat' dir='ltr'>nae</span> <span class='ocrx_word' id='word_1_250' title='bbox 1216 4184 1247 4239; x_wconf 83' lang='lat' dir='ltr'>iu</span> <span class='ocrx_word' id='word_1_251' title='bbox 1263 4184 1372 4254; x_wconf 74' lang='lat' dir='ltr'>patriae</span> <span class='ocrx_word' id='word_1_252' title='bbox 1396 4184 1454 4240; x_wconf 83' lang='lat' dir='ltr'>sala</span> <span class='ocrx_word' id='word_1_253' title='bbox 1478 4183 1594 4239; x_wconf 73' lang='lat' dir='ltr'>vivimus</span> 
     </span>
     <span class='ocr_line' id='line_1_32' title="bbox 346 4269 1593 4339; baseline 0.002 -15"><span class='ocrx_word' id='word_1_254' title='bbox 346 4274 372 4324; x_wconf 80' lang='lat' dir='ltr'>a</span> <span class='ocrx_word' id='word_1_255' title='bbox 384 4271 512 4339; x_wconf 75' lang='lat' dir='ltr'>fortuma</span> <span class='ocrx_word' id='word_1_256' title='bbox 527 4269 652 4338; x_wconf 63' lang='lat' dir='ltr'>placidiae</span> <span class='ocrx_word' id='word_1_257' title='bbox 672 4269 841 4325; x_wconf 74' lang='lat' dir='ltr'>verberamur</span> <span class='ocrx_word' id='word_1_258' title='bbox 859 4273 1078 4328; x_wconf 86' lang='lat' dir='ltr'>recordationem</span> <span class='ocrx_word' id='word_1_259' title='bbox 1095 4273 1211 4327; x_wconf 83' lang='lat' dir='ltr'>subesse</span> <span class='ocrx_word' id='word_1_260' title='bbox 1230 4289 1327 4328; x_wconf 82' lang='lat' dir='ltr'>versas</span> <span class='ocrx_word' id='word_1_261' title='bbox 1344 4272 1491 4328; x_wconf 77' lang='lat' dir='ltr'>Catulliani</span> <span class='ocrx_word' id='word_1_262' title='bbox 1502 4273 1593 4338; x_wconf 82' lang='lat'><strong>68,13:</strong></span> 
     </span>
     <span class='ocr_line' id='line_1_33' title="bbox 345 4357 1261 4430; baseline 0.002 -18"><span class='ocrx_word' id='word_1_263' title='bbox 345 4357 431 4428; x_wconf 73' lang='lat' dir='ltr'>aoeipe</span> <span class='ocrx_word' id='word_1_264' title='bbox 448 4357 508 4426; x_wconf 73' lang='lat' dir='ltr'>paria</span> <span class='ocrx_word' id='word_1_265' title='bbox 525 4373 624 4412; x_wconf 68' lang='lat' dir='ltr'>merea</span> <span class='ocrx_word' id='word_1_266' title='bbox 638 4359 765 4428; x_wconf 70' lang='lat' dir='ltr'>sannae</span> <span class='ocrx_word' id='word_1_267' title='bbox 780 4357 905 4427; x_wconf 76' lang='lat' dir='ltr'>fluctibaa</span> <span class='ocrx_word' id='word_1_268' title='bbox 921 4359 978 4428; x_wconf 77' lang='lat' dir='ltr'>ipae</span> <span class='ocrx_word' id='word_1_269' title='bbox 995 4376 1052 4415; x_wconf 91' lang='lat' dir='ltr'>non</span> <span class='ocrx_word' id='word_1_270' title='bbox 1069 4361 1261 4430; x_wconf 82' lang='lat' dir='ltr'>praestiterim.</span> 
     </span>
    </p>

    <p class='ocr_par' dir='ltr' id='par_1_8' title="bbox 346 4445 1592 4588">
     <span class='ocr_line' id='line_1_34' title="bbox 434 4445 1592 4518; baseline 0.003 -19"><span class='ocrx_word' id='word_1_271' title='bbox 434 4445 454 4516; x_wconf 89' lang='lat'>¹)</span> <span class='ocrx_word' id='word_1_272' title='bbox 472 4447 562 4500; x_wconf 85' lang='lat' dir='ltr'>Etiam</span> <span class='ocrx_word' id='word_1_273' title='bbox 574 4446 704 4500; x_wconf 88' lang='lat' dir='ltr'>Libanius</span> <span class='ocrx_word' id='word_1_274' title='bbox 719 4447 923 4502; x_wconf 87' lang='lat' dir='ltr'>etThemistius</span> <span class='ocrx_word' id='word_1_275' title='bbox 936 4448 1115 4502; x_wconf 85' lang='lat' dir='ltr'>christianam</span> <span class='ocrx_word' id='word_1_276' title='bbox 1132 4450 1328 4518; x_wconf 86' lang='lat' dir='ltr'>imperatorum</span> <span class='ocrx_word' id='word_1_277' title='bbox 1345 4448 1427 4502; x_wconf 84' lang='lat' dir='ltr'>iidem</span> <span class='ocrx_word' id='word_1_278' title='bbox 1438 4448 1592 4518; x_wconf 84' lang='lat' dir='ltr'>respexisse</span> 
     </span>
     <span class='ocr_line' id='line_1_35' title="bbox 346 4533 705 4588; baseline 0.006 -2"><span class='ocrx_word' id='word_1_279' title='bbox 346 4533 484 4587; x_wconf 85' lang='lat' dir='ltr'>ridentur:</span> <span class='ocrx_word' id='word_1_280' title='bbox 505 4534 614 4588; x_wconf 88' lang='lat' dir='ltr'>Sievers</span> <span class='ocrx_word' id='word_1_281' title='bbox 633 4534 705 4588; x_wconf 79' lang='lat'>56¹³.</span> 
     </span>
    </p>

    <p class='ocr_par' dir='ltr' id='par_1_9' title="bbox 346 4620 1593 4779">
     <span class='ocr_line' id='line_1_36' title="bbox 431 4620 1593 4696; baseline 0.006 -22"><span class='ocrx_word' id='word_1_282' title='bbox 431 4620 454 4690; x_wconf 83' lang='lat'>¹)</span> <span class='ocrx_word' id='word_1_283' title='bbox 472 4621 606 4677; x_wconf 85' lang='lat' dir='ltr'>Iustitiam</span> <span class='ocrx_word' id='word_1_284' title='bbox 624 4623 742 4677; x_wconf 84' lang='lat' dir='ltr'>tortasse</span> <span class='ocrx_word' id='word_1_285' title='bbox 761 4623 957 4696; x_wconf 79' lang='lat' dir='ltr'>commentario</span> <span class='ocrx_word' id='word_1_286' title='bbox 976 4625 1066 4679; x_wconf 77' lang='lat' dir='ltr'>debet</span> <span class='ocrx_word' id='word_1_287' title='bbox 1094 4624 1133 4678; x_wconf 81' lang='lat' dir='ltr'>cf.</span> <span class='ocrx_word' id='word_1_288' title='bbox 1146 4624 1205 4678; x_wconf 87' lang='lat' dir='ltr'>Birt</span> <span class='ocrx_word' id='word_1_289' title='bbox 1221 4625 1277 4678; x_wconf 90' lang='lat' dir='ltr'>ind.</span> <span class='ocrx_word' id='word_1_290' title='bbox 1295 4624 1356 4679; x_wconf 82' lang='lat' dir='ltr'>lact</span> <span class='ocrx_word' id='word_1_291' title='bbox 1370 4623 1505 4693; x_wconf 71' lang='lat' dir='ltr'>ltarbarg.</span> <span class='ocrx_word' id='word_1_292' title='bbox 1525 4625 1593 4682; x_wconf 82' lang='lat'>1885</span> 
     </span>
     <span class='ocr_line' id='line_1_37' title="bbox 346 4707 485 4779; baseline -0.007 -17"><span class='ocrx_word' id='word_1_293' title='bbox 346 4725 372 4779; x_wconf 87' lang='lat' dir='ltr'>p.</span> <span class='ocrx_word' id='word_1_294' title='bbox 390 4707 425 4762; x_wconf 84' lang='lat' dir='ltr'>lv</span> <span class='ocrx_word' id='word_1_295' title='bbox 444 4725 485 4778; x_wconf 91' lang='lat' dir='ltr'>sq.</span> 
     </span>
    </p>
   </div>
   <div class='ocr_carea' id='block_1_8' title="bbox 0 0 1734 5200">
    <p class='ocr_par' dir='ltr' id='par_1_10' title="bbox 0 0 1734 5200">
     <span class='ocr_line' id='line_1_38' title="bbox 0 0 1734 5200; baseline 0 0"><span class='ocrx_word' id='word_1_296' title='bbox 0 0 1734 5200; x_wconf 95' lang='lat' dir='ltr'> </span> 
     </span>
    </p>
   </div>
  </div>
 </body>
</html>
