3459 5200
702 569 742 636 83

137 773 201 842 etsi
226 764 350 843 certum
376 795 500 843 nomen
524 776 747 861 desideratur;
771 782 826 863 qui
850 781 1000 846 defectus
1017 780 1081 847 soli
1098 781 1306 866 excerptoris

138 881 369 963 neglegentiae
391 882 589 947 tribuendus
620 886 686 960 est,
721 903 786 965 qua
814 884 972 948 universa
1000 885 1083 949 haec
1106 886 1148 950 de
1170 906 1307 968 poema·

135 987 209 1048 tum
231 984 409 1066 generibus
438 985 619 1067 disputatio
654 985 751 1051 foede
779 992 935 1052 tmncata
962 992 1023 1052 est.
1073 989 1187 1070 Longe
1217 989 1305 1054 enim

136 1091 216 1150 ante
240 1088 320 1153 illud
344 1087 529 1154 carminum
552 1107 656 1170 genus
680 1094 841 1154 statutum
865 1095 917 1155 est
944 1109 1045 1174 quam
1067 1092 1224 1157 Aristidis
1248 1113 1304 1156 ars

136 1191 336 1272 excogitata.
382 1191 512 1273 Elegeis
541 1193 584 1256 ab
612 1192 863 1274 Hephaestione
892 1213 1011 1275 parum
1040 1199 1116 1277 apte
1146 1200 1307 1277 systema·

135 1293 213 1358 ticis
237 1294 423 1360 subiunctis
446 1295 501 1360 hie
524 1296 629 1361 multo
647 1297 767 1361 melius
784 1298 953 1380 peculiare
969 1317 1074 1379 genus
1091 1298 1176 1362 effici
1191 1298 1306 1374 voluit,

137 1396 190 1460 cui
213 1397 255 1461 ab
277 1397 435 1462 Aristidis
458 1401 595 1463 auctore
619 1399 772 1463 similiter
794 1404 894 1482 atque
917 1401 951 1464 iit
974 1400 1062 1482 apud
1084 1399 1307 1482 Hephaestio-

136 1519 215 1564 nem
239 1499 366 1582 epodos
390 1521 521 1584 quoque
544 1501 798 1565 Archilochicos
821 1507 1061 1567 annumeratos
1085 1503 1189 1568 fuisse
1211 1507 1307 1585 puta-

136 1603 252 1668 verim.
291 1604 491 1686 Scrupulum
512 1624 592 1669 vero
613 1605 723 1687 prima
745 1605 856 1687 specie
879 1611 1014 1671 movent
1035 1607 1186 1670 carmina
1199 1607 1306 1670 tribus

135 1707 292 1772 versibus
327 1707 482 1772 confecta
514 1704 556 1784 og
594 1705 668 1771 ὅταν
703 1706 828 1792 ἐλεγείῳ
861 1709 1012 1794 moncuq
1046 1730 1090 1786 τις
1118 1709 1256 1795 ἰαμβεῖον
1284 1708 1308 1793 ἢ

138 1807 219 1872 ἄλλο
242 1832 285 1891 τις
319 1811 361 1876 de
385 1811 505 1895 quibus
527 1817 563 1876 ut
586 1816 676 1876 recte
699 1812 825 1876 iudices
853 1813 1012 1894 inspicias
1035 1813 1135 1878 velim
1156 1814 1307 1896 Hephae-

136 1912 260 1977 stionis
283 1910 414 1997 μετρικὰ
436 1911 572 1977 ἄτακτοι
598 1935 639 1978 en
662 1913 752 1996 quod
775 1915 946 1996 quaeritur
963 1916 1153 1997 exemplum
1168 1918 1307 1982 offertur

136 2015 323 2080 Simonidis
340 2017 552 2099 epigramma.
589 2018 634 2081 At
656 2017 746 2082 enim
768 2017 857 2101 apud
874 2018 1161 2100 Hephaestionem
1178 2019 1307 2104 μετρικοὶ

136 2116 261 2182 ἄτακτα
284 2139 383 2202 quam
407 2139 477 2184 non
499 2125 576 2203 apte
599 2121 775 2186 subiuncta
803 2121 873 2186 sint
901 2123 1123 2204 systematicis
1145 2124 1223 2206 ipso
1246 2143 1307 2187 uo-

136 2223 229 2288 mine
253 2223 296 2288 ad
319 2225 469 2290 carmina
492 2226 633 2290 stichica
655 2225 807 2306 delegata
830 2229 863 2290 et
886 2229 1093 2309 quantopere
1122 2231 1308 2308 repugnent

137 2327 344 2392 carminibus
378 2328 542 2392 absolutis
578 2347 679 2410 supra
712 2329 870 2410 exposui,
906 2327 1065 2394 Aristidis
1099 2334 1216 2394 auctor
1250 2348 1308 2393 cur

137 2430 324 2495 Simonidis
359 2431 565 2513 epigramma
598 2431 812 2496 arcessiverit
844 2432 879 2495 in
912 2433 1091 2514 propatulo
1125 2437 1185 2496 est.
1240 2433 1307 2497 Aut

137 2533 239 2617 igitur
271 2535 401 2617 egregie
436 2535 533 2601 iallor
566 2541 623 2601 aut
655 2535 707 2600 vel
736 2555 777 2600 ex
804 2536 868 2600 hac
897 2536 1061 2618 particula
1082 2535 1240 2601 Aristidis
1265 2536 1305 2601 de

134 2642 330 2721 poematum
373 2640 549 2721 generibus
594 2639 842 2705 enarrationem
885 2639 1158 2722 Hephaestionea
1200 2640 1306 2704 multo

137 2762 215 2807 esse
252 2742 491 2825 simpliciorem
528 2749 628 2825 atque
667 2743 885 2808 vetustiorem
922 2742 1093 2807 evincitur.
1147 2741 1306 2806 Aristidis

137 2850 258 2909 auctor
279 2844 423 2929 περίοδον
446 2846 484 2910 ἐκ
504 2844 654 2911 πλειόνων
680 2845 797 2931 μέτρων
826 2844 1046 2929 συνεστηκέναι
1080 2846 1208 2923 docuit,
1240 2846 1307 2909 He-

134 2949 293 3030 phaestio
317 2950 369 3013 vel
388 2951 426 3028 is,
451 2950 543 3017 cuius
567 2950 779 3031 disciplinam
803 2950 977 3031 amplexus
1007 2954 1073 3026 est,
1107 2954 1145 3013 ut
1171 2948 1308 3013 schema

138 3052 325 3117 carminum
359 3053 543 3136 simplicius
578 3052 747 3127 redderet,
781 3048 925 3135 σύστημα
959 3071 1034 3115 esse
1068 3050 1151 3116 dixit
1184 3049 1304 3136 μέτρων

137 3154 325 3239 συναγωγήν
348 3154 417 3239 ἤτοι
440 3154 495 3220 δύο
517 3155 538 3241 ἦ
561 3153 755 3237 πλειόνωνή
777 3152 892 3238 ὁμοίων
913 3152 935 3239 ἧ
957 3152 1121 3239 ἀνομοίων,
1150 3174 1216 3237 quo
1239 3155 1307 3218 fac·

137 3263 209 3323 tum
233 3262 299 3337 est,
329 3264 364 3325 ut
392 3260 480 3325 inter
513 3259 726 3343 systematica
757 3259 907 3341 recipere
939 3258 1086 3340 potuerit
1115 3258 1245 3340 elegeas
1275 3261 1308 3321 et

137 3362 285 3445 epodos;
308 3382 519 3446 quamquam,
538 3383 613 3428 cum
631 3361 921 3445 systematicorum
941 3361 1070 3443 species
1086 3365 1306 3439 enumeraret,

136 3466 335 3531 mutationis
360 3467 447 3532 illius
471 3467 594 3532 oblitus
618 3466 775 3549 speciem,
805 3485 871 3547 quo
902 3465 958 3529 illa
985 3465 1135 3530 carmina
1158 3464 1307 3541 referret,

136 3588 209 3634 non
244 3566 452 3651 excogitavit.
506 3572 629 3634 Verum
670 3568 855 3633 carminum
889 3568 979 3632 binis
1013 3568 1165 3632 versibus
1201 3587 1308 3650 usque

137 3672 290 3755 repetitis
314 3673 541 3738 coustantium
563 3692 668 3755 genus
692 3691 761 3735 uon
782 3671 824 3735 ab
842 3670 1002 3735 Aristidis
1022 3671 1156 3734 demum
1171 3675 1308 3734 auctore

137 3776 353 3842 enarratione
375 3776 648 3859 Hephaestionea
671 3777 800 3841 offenso
824 3774 937 3839 fictum
961 3793 1051 3851 esse,
1080 3774 1140 3839 sed
1163 3774 1307 3856 antiqui·

137 3884 193 3947 tus
217 3878 252 3943 in
273 3899 337 3945 usu
359 3880 464 3945 fuisse
486 3880 562 3945 aliis
585 3900 716 3963 quoque
739 3878 946 3961 argumentis
970 3877 1127 3959 arguitur.
1173 3877 1307 3941 Etenim

137 3984 213 4066 ipse
235 3982 441 4065 Hephaestio
458 3984 608 4049 carmina
626 3982 794 4065 Sapphica
810 3982 947 4046 alterius
971 3984 1004 4045 et
1025 3979 1116 4045 tertii
1139 3980 1215 4044 libri
1239 3999 1308 4044 non

136 4084 198 4150 ὑπὸ
222 4084 340 4170 στίχου,
365 4087 425 4153 sed
448 4083 507 4151 ὑπὸ
532 4085 681 4170 araeque
703 4086 754 4149 vel
777 4082 837 4148 ὑπὸ
866 4080 979 4160 δυάδος
1008 4082 1122 4167 στίχων
1151 4082 1305 4148 distribui

136 4190 243 4255 refert
264 4190 308 4273 (p.
327 4190 368 4255 IV
384 4194 411 4255 1.
433 4191 463 4255 Χ
489 4193 502 4255 1
529 4192 625 4274 sqq),
649 4210 734 4273 quae
757 4188 971 4272 dispescendi
994 4187 1080 4251 ratio
1104 4187 1138 4250 in
1161 4185 1308 4269 antiquis

135 4296 169 4359 h.
188 4314 217 4359 e.
232 4294 538 4359 Alexandrinorum
555 4294 758 4358 editionibus
773 4291 993 4375 paragraphis
1009 4290 1188 4371 adscriptis
1205 4289 1308 4370 signi-

134 4399 236 4463 licata
258 4401 339 4462 erat.

225 4500 338 4581 Neque
362 4498 476 4583 μικτῶν
498 4520 605 4583 neque
628 4497 738 4563 κοινῶν
765 4499 833 4563 ulla
861 4518 985 4580 genera
1015 4496 1104 4579 apud
1127 4494 1307 4560 Aristidem

137 4607 463 4682 commemorantur,
498 4604 558 4668 sed
592 4604 750 4685 quoniam
779 4602 878 4666 huius
908 4601 1048 4666 rationis
1078 4599 1215 4680 vestigia
1241 4598 1308 4661 iam

1107 4720 1139 4773 6*
