3459 5200
983 595 1045 660 116

424 825 499 872 esse
524 802 698 872 Claudium
724 803 970 883 Ptolemaeum,
1000 804 1222 870 clarissimum
1250 801 1353 870 Marci
1380 800 1593 887 imperatoris

424 911 607 993 aequalem,
631 930 691 975 suo
714 909 786 974 iure
809 909 998 988 contendit,
1028 913 1062 973 et
1088 909 1131 973 ab
1161 929 1201 974 eo
1228 913 1336 974 totam
1363 909 1407 973 de
1433 909 1593 991 strophae

304 1095 305 1098 Ἴ
423 1014 657 1096 antistrophae
679 1014 779 1097 epodi
800 1013 1077 1096 pronuntiatione
1106 1018 1139 1077 et
1168 1013 1443 1078 denominatione
1470 1013 1594 1078 doctri-

424 1136 502 1182 nam
547 1116 712 1200 originem
751 1116 888 1181 duxisse
928 1117 1163 1181 demonstrare
1203 1115 1339 1181 studuit.
1395 1117 1593 1198 Complures

425 1223 544 1304 quihus
568 1221 723 1285 doctrina
744 1221 801 1286 illa
823 1220 967 1286 traditur
988 1221 1082 1285 locos
1106 1221 1173 1284 iam
1196 1220 1334 1286 Crusius
1361 1220 1505 1302 collegit,
1535 1220 1595 1284 sed

423 1324 569 1390 addendi
599 1328 678 1389 sunt
705 1323 851 1407 primum
883 1324 1039 1388 nonnulli
1070 1325 1137 1388 loci
1167 1323 1226 1406 qui
1253 1323 1343 1406 apud
1370 1323 1593 1405 Hermogenis

424 1429 624 1494 scholiastae
659 1426 957 1510 deprehenduntur
989 1428 1026 1491 in
1058 1428 1143 1491 rhet.
1177 1447 1225 1509 gr.
1253 1427 1308 1491 Vll
1338 1428 1418 1492 1031
1455 1427 1535 1491 adn.
1562 1431 1594 1491 et

423 1533 536 1597 v510
558 1531 635 1596 adn.
665 1559 704 1584 =
735 1531 841 1595 schol.
863 1530 972 1613 Heph.
1002 1528 1019 1614 β
1050 1530 1102 1594 ed.
1130 1529 1361 1594 Hoerschelm.
1389 1549 1422 1612 p.
1446 1529 1488 1594 30
1516 1530 1593 1594 adn.
1689 1606 1690 1615 ἵ

424 1635 575 1700 Eandem
609 1633 859 1698 enarrationem
899 1633 1050 1716 quamvis
1091 1632 1189 1697 loede
1227 1636 1417 1697 truncatam
1457 1633 1594 1697 exhibet
1689 1668 1690 1673 κ

422 1739 507 1802 uas.
535 1738 703 1802 planudes
736 1738 764 1801 v
797 1739 870 1815 510,
894 1726 924 1802 a
953 1757 1042 1820 sqq.;
1077 1737 1117 1800 cf.
1148 1737 1319 1802 etiamn
1349 1737 1420 1814 rra,
1446 1737 1485 1800 ra
1510 1757 1593 1820 sqq.
1689 1724 1690 1803 J

424 1842 477 1906 Vll
502 1843 583 1906 1032
607 1845 640 1906 el
661 1843 724 1906 888
746 1841 839 1918 adn.;
864 1841 1020 1919 74789
1044 1861 1132 1923 sqq&
1156 1840 1211 1904 Vll
1232 1842 1337 1918 caut
1365 1859 1437 1923 sqq.
1475 1841 1593 1906 Simile
1689 1888 1690 1923 ,

423 1945 503 2028 quid
526 1946 630 2010 habes
654 1945 755 2009 etiam
777 1944 866 2026 apud
888 1944 1077 2025 Longinum
1099 1943 1135 2008 in
1157 1943 1223 2008 vol.
1245 1944 1290 2008 IX
1311 1963 1343 2026 p.
1366 1944 1497 2022 666,17
1521 1965 1593 2028 sqq.

422 2053 522 2132 atque
551 2048 764 2126 Eustathius,
794 2047 850 2130 qui
879 2046 915 2110 in
943 2066 1092 2128 prooem.
1122 2067 1243 2112 comm.
1271 2046 1368 2111 Pind.
1402 2047 1468 2128 (ed.
1496 2048 1533 2112 F.
1557 2047 1593 2112 G.

422 2151 669 2230 Schneidewin,
686 2151 830 2231 Gotting.
848 2150 945 2233 1837)
967 2171 1000 2232 p.
1015 2151 1056 2214 87
1073 2171 1123 2233 sq.
1146 2151 1235 2214 hanc
1257 2169 1328 2214 reru
1351 2149 1470 2232 attigit,
1494 2170 1593 2215 accu-

424 2259 496 2320 rate
526 2256 567 2320 de
601 2274 640 2319 ca
669 2254 778 2336 egisse
806 2251 878 2330 τούς
903 2259 960 2337 τῆς
988 2252 1157 2337 ῥητορικῆς
1182 2251 1296 2338 τέχνης
1322 2245 1596 2338 ὑπομνηματιοτάς

423 2361 548 2424 diserte
576 2358 748 2441 professus
776 2361 836 2422 est.
886 2357 1039 2421 Breviter
1065 2376 1138 2421 rem
1163 2357 1372 2438 perstrinxit,
1399 2357 1448 2421 ita
1469 2361 1594 2436 tamen,

421 2468 459 2528 ut
498 2481 629 2528 summa
664 2481 739 2527 cum
772 2460 937 2526 Victorini
974 2461 1086 2526 verbis
1114 2481 1147 2543 p.
1183 2462 1240 2538 58,
1273 2462 1348 2524 8-
1363 2462 1402 2525 13
1436 2463 1595 2543 cognatio

424 2565 594 2631 neminem
616 2565 729 2649 fugiat,
753 2565 940 2630 Euanthius
964 2565 1000 2629 in
1017 2584 1137 2631 comm.
1154 2563 1196 2629 de
1212 2564 1363 2630 comoed.
1379 2565 1432 2631 ed.
1447 2565 1594 2631 Reiffer-

423 2669 624 2751 scheid-(in
658 2670 726 2735 ind.
760 2670 835 2734 lect.
870 2668 939 2733 hib.
973 2669 1104 2733 Vratisl.
1140 2669 1265 2752 187416)
1296 2689 1329 2750 p.
1362 2670 1398 2747 4,
1435 2670 1595 2735 13—15.

422 2774 572 2837 Isaacum
600 2773 757 2838 Tzetzam
786 2773 833 2854 (in
864 2774 975 2837 Cram.
1002 2773 1059 2836 ΑΡ
1088 2773 1100 2835 Ι
1127 2792 1159 2854 p.
1182 2772 1233 2850 66,
1257 2773 1277 2836 7
1300 2774 1387 2856 sqq.)
1410 2773 1477 2838 iam
1501 2794 1596 2838 com-

422 2876 615 2943 memoravi.
671 2877 722 2941 Ex
760 2875 844 2941 locis
884 2896 904 2940 a
941 2874 1059 2941 Crusio
1099 2875 1210 2939 allatis
1249 2876 1374 2941 nullius
1407 2883 1460 2942 est
1491 2879 1595 2959 pretii

422 2981 527 3046 schol.
557 2980 801 3045 Triclinianum
828 2981 873 3045 ad
901 2980 977 3045 Eur.
1005 2979 1086 3044 Hec.
1115 2980 1188 3057 617,
1217 2978 1307 3062 quod
1334 2981 1477 3045 recurrit
1504 2982 1597 3063 apud

423 3084 566 3149 eundem
600 3083 797 3149 Triclinium
836 3084 872 3147 in
911 3082 1017 3147 schol.
1056 3081 1099 3147 ad
1139 3084 1243 3164 Soph.
1282 3084 1334 3147 Αἰ.
1365 3104 1396 3149 r.
1432 3084 1495 3148 194
1528 3084 1597 3165 (ed

423 3188 617 3265 Turnebus,
651 3188 757 3252 Paria.
789 3186 886 3265 1553,
916 3208 948 3269 p.
982 3187 1012 3265 5,
1046 3187 1066 3250 5
1099 3188 1197 3269 sqq).
1258 3187 1509 3253 Secludeudum
1543 3194 1598 3253 est

423 3311 442 3355 a
470 3290 654 3355 Ptolemaei
688 3290 877 3355 eruditione
911 3289 1016 3354 schol.
1043 3290 1215 3371 Aristoph.
1247 3290 1332 3356 Nub.
1359 3291 1439 3368 563,
1467 3291 1505 3355 in
1526 3312 1598 3375 quo

424 3393 617 3473 scholiasta,
641 3395 682 3459 ab
707 3393 907 3477 etymologia
929 3412 1030 3475 quam
1053 3393 1169 3458 dicunt
1189 3394 1371 3477 proiectus,
1394 3412 1465 3459 non
1486 3396 1598 3460 multo

424 3516 520 3562 secus
548 3497 589 3563 de
625 3498 784 3579 strophae
819 3496 958 3561 notione
988 3496 1197 3563 coniecturas
1223 3498 1319 3563 tinxit
1347 3503 1447 3581 atque
1472 3498 1598 3563 Deme-

423 3601 507 3665 trius
530 3600 723 3680 Triclinius,
748 3620 823 3665 cum
846 3602 882 3688 in
906 3600 1011 3666 schol.
1034 3602 1077 3665 ad
1098 3602 1201 3684 Soph.
1218 3602 1268 3666 El.
1293 3602 1373 3667 1881
1398 3602 1433 3682 (l.
1449 3622 1476 3665 o.
1491 3622 1525 3684 p.
1540 3604 1598 3677 18,

427 3706 466 3769 10
489 3705 577 3787 sqq.)
606 3705 690 3769 baec
719 3704 859 3769 diceret:
894 3702 1053 3789 Στροφὴ.
1078 3703 1261 3769 ...τοῦτο
1288 3703 1324 3767 τὸ
1351 3700 1497 3788 oriorqpa
1518 3703 1599 3770 ὠνό-
1689 3703 1690 3756 3

423 3828 538 3892 μασται
567 3804 636 3891 παρ’
663 3805 746 3893 ἡμῖν,
778 3808 846 3871 ἐπεὶ
873 3809 928 3871 καὶ
954 3805 1092 3892 στροφὴν
1113 3806 1309 3893 ποιησαμένη
1330 3805 1490 3891 Ἠλέκτρα
1515 3809 1601 3893 πρὸς

423 3910 474 3975 τὸν
496 3908 592 3996 χορὸν
613 3920 744 3975 ποιεῖται
766 3908 818 3976 τὸν
840 3907 948 3996 λόγον·
977 3912 1083 3976 ἔπειτα
1110 3912 1146 3975 δὲ
1173 3913 1228 3975 καὶ
1251 3908 1328 3995 πρὸς
1350 3910 1403 3977 τὸν
1420 3909 1599 3998 ’optuma
1689 3945 1690 4034 q

424 4015 464 4080 cf.
488 4015 589 4080 etiam
612 4016 689 4080 Ter.
713 4016 814 4080 Maur.
838 4036 868 4079 v.
891 4014 975 4080 8707
999 4036 1049 4098 sq.
1089 4016 1216 4081 Omnes
1239 4016 1343 4097 locos,
1366 4016 1487 4099 quibus
1510 4018 1600 4083 cho-
1689 4039 1690 4080 l

423 4139 537 4184 rorum
559 4124 671 4184 motus
696 4119 914 4184 conferuntur
938 4139 1012 4184 cum
1036 4119 1118 4183 caeli
1143 4119 1356 4204 siderumque
1373 4121 1599 4198 motionibus

423 4222 573 4305 quamvis
598 4224 652 4287 hic
675 4222 742 4287 illic
765 4226 912 4287 mutatos
936 4243 977 4287 ex
992 4222 1177 4287 Ptolemaei
1197 4222 1377 4305 disciplina
1390 4224 1599 4306 profluxisse

423 4327 530 4410 quivis
555 4327 673 4391 Crusio
697 4326 799 4391 dabit.
844 4326 893 4390 De
917 4326 973 4391 illa
996 4332 1107 4392 autem
1136 4347 1172 4390 re
1200 4326 1420 4392 dubitaverim
1449 4348 1494 4393 an
1524 4329 1599 4395 iam

423 4434 500 4495 ante
523 4431 753 4495 Ptolemaeum
776 4429 949 4513 homines,
976 4435 1013 4495 ut
1042 4430 1200 4513 strophae
1229 4430 1462 4515 antistropbae
1491 4434 1598 4516 epodi

423 4534 560 4598 nomina
587 4533 799 4615 expedirent,
829 4534 871 4598 de
899 4533 999 4598 variis
1029 4534 1210 4599 chororum
1237 4533 1434 4601 decursibus
1465 4537 1599 4619 cogita·

423 4637 546 4719 verint,
585 4657 648 4719 qua
683 4636 851 4702 sententia
884 4641 1018 4719 arrepta
1051 4639 1264 4703 Ptolemaeus
1298 4658 1359 4703 sna
1397 4637 1439 4702 de
1473 4642 1598 4707 mundi
