3459 5200
816 371 861 434 45

732 460 945 472 μ-

564 598 567 760 Γ
810 643 875 701 Du
890 662 908 700 a
921 643 932 701 l
946 662 990 702 es
1283 636 1317 693 ‘¹0
1336 641 1406 771 Ἥ

227 746 359 807 Nommc
379 748 538 809 auctorum
557 873 558 913 Γ
578 812 657 921 hm,
713 760 811 885 effli-
838 794 952 851 adiecti.
972 795 1086 879 mici.
1113 813 1213 880 ppono.
1237 734 1347 888 qulnoz‘
1355 735 1453 853 :1¹11ssoe

238 879 248 898 ι
422 936 424 939 .
463 914 560 975 *A
598 883 678 921 orum
712 918 825 975 WQ
846 884 944 922 vorum
969 883 1083 977 pmrum
1110 884 1217 922 minum
1236 881 1447 979 pov-emantur-

217 1120 305 1179 Pmo
312 1167 536 1181 ........
556 1093 564 1208 Γ
609 1152 653 1161 *-
758 1123 775 1179 Γ

217 1209 362 1285 Iosephus
373 1256 535 1269 ......
555 1219 564 1320 ΓΓ
635 1213 649 1267 1
736 1213 775 1269 13

217 1298 400 1358 Plutarchus
436 1325 563 1364 ..Γ
608 1330 653 1339 -
735 1300 775 1358 26
1319 1303 1359 1359 15

217 1388 275 1446 mo
311 1433 535 1447 ........
555 1365 563 1510 Γ
611 1389 652 1446 10
736 1390 775 1448 13

217 1476 388 1535 Demetrius
405 1521 557 1536 ......
632 1480 650 1535 2
757 1480 775 1535 2

109 1609 112 1617 .
218 1566 357 1624 Timacus
373 1611 535 1625 ......
632 1568 650 1623 2
732 1598 777 1606 —
1162 1572 1176 1626 1

1224 1567 1233 1700 l
1337 1570 1358 1625 ⁴

304 1736 475 1801 Extremus
498 1734 630 1802 tabulae
643 1756 757 1803 versus
771 1738 1014 1822 vocabulorum,
1039 1758 1174 1821 quorum
1190 1739 1314 1804 formae
1329 1738 1448 1805 duales

217 1842 434 1925 inveniuntur,
463 1862 628 1908 numerum
650 1842 790 1928 iudicat,
819 1846 874 1928 qui
897 1843 986 1931 apud
1009 1844 1201 1929 Dionysium
1224 1844 1366 1913 maximo
1389 1866 1444 1913 ex-

215 1948 313 2033 iguus
337 1955 388 2015 est
411 1969 515 2032 aeque
538 1969 578 2015 ac
601 1970 751 2016 numerus
776 1951 942 2019 classium.

304 2055 414 2120 Tertio
438 2054 545 2121 indice
568 2055 820 2142 comparandum
843 2077 990 2144 propono
1018 2077 1184 2123 numerum
1212 2057 1386 2124 formarum
1409 2058 1444 2124 iu

215 2185 258 2225 -o
282 2168 314 2227 et
338 2186 368 2225 -ε
393 2161 550 2245 (reliquae
575 2163 659 2229 enim
682 2183 850 2231 nom-acc.
877 2164 999 2230 formae
1023 2164 1151 2230 omuino
1174 2184 1240 2230 uou
1263 2169 1447 2246 occurrunt)

216 2288 287 2334 cum
318 2288 450 2334 numero
483 2269 656 2334 formarum
689 2270 722 2335 in
754 2294 818 2336 -αιν
848 2277 881 2337 et
909 2294 970 2338 -οιν
997 2278 1030 2337 et
1057 2272 1091 2336 iu
1118 2294 1196 2348 -τον,
1227 2295 1307 2358 -την,
1339 2276 1446 2350 -σθον,

215 2380 311 2461 -σθην
334 2374 560 2443 desinentium.

214 2520 446 2529 -.-.———

534 2542 543 2649 l
856 2564 1132 2624 Formcein

213 2668 345 2728 Nomina
364 2660 536 2759 auctorum}

577 2739 601 2778 ω
669 2718 720 2854 εΓ
741 2739 788 2782 αιν
853 2739 896 2782 cm
972 2739 1015 2782 οιν
1052 2679 1130 2823 laos
1177 2740 1232 2803 την
1266 2718 1342 2782 odos
1360 2721 1441 2803 σθην

712 2840 714 2854 ,
821 2802 922 2846 lI.dccl.
936 2802 1051 2846 llldael.

213 2917 391 2977 Aristoteles
419 2965 425 2977 .
450 2965 456 2976 .
481 2965 486 2975 .
512 2896 541 2976 .l

214 3006 456 3083 Theophrastus
481 3053 487 3066 .
513 3052 535 3079 .,

213 3095 359 3171 Polybius
388 3142 517 3156 .....
532 3110 534 3187 Γ

212 3185 376 3260 Dionysius
388 3231 517 3244 .....

212 3273 357 3334 Nicolaus
380 3274 516 3333 Damaso.
532 3284 540 3298 ‘¹

212 3362 298 3423 Philo
324 3409 516 3422 .......
531 3307 534 3415 l

212 3452 356 3528 Iosephus
385 3499 515 3512 .....

212 3541 394 3601 Plutarchus
417 3589 423 3600 .
449 3589 454 3599 .
480 3589 485 3600 .
511 3589 516 3600 .

211 3631 270 3689 Dio
292 3677 515 3690 ........

211 3719 382 3779 Demetrius
415 3767 421 3778 .
447 3767 452 3778 .
478 3767 483 3778 .
509 3767 514 3778 .
531 3698 533 3781 l

300 3980 394 4047 Unde
418 3980 573 4048 discimus
596 3981 717 4047 formas
741 3999 909 4048 nom-ccc.
934 3978 1042 4045 dualis
1066 3999 1168 4062 usquc
1186 3978 1230 4046 ad
1245 3979 1438 4064 Dionysium

212 4087 437 4154 intermortuos
466 4095 499 4155 et
527 4089 569 4155 ab
599 4087 655 4152 illo
679 4094 829 4172 receptas
854 4106 938 4171 esse,
967 4085 1087 4152 formas
1111 4086 1145 4151 in
1168 4108 1233 4152 -αιν
1256 4093 1289 4152 et
1311 4110 1373 4152 -oo
1396 4087 1441 4152 ab

212 4195 359 4260 omnibus
381 4200 512 4279 practer
534 4193 724 4278 Dionysium
749 4192 912 4279 adhiberi,
942 4193 1113 4258 verborum
1140 4191 1270 4258 dualem
1300 4193 1342 4258 ab
1365 4192 1439 4258 Ari-

212 4302 328 4367 stotele
352 4321 454 4384 usque
477 4299 521 4365 ad
544 4300 718 4387 Iosephum
741 4301 925 4367 evanuisse.

301 4406 424 4485 Quarto
457 4406 564 4473 indice
596 4407 687 4474 brevi
716 4407 1034 4492 comprehendemus,
1068 4412 1145 4489 quot
1172 4404 1288 4472 duales
1315 4405 1441 4471 formae

212 4537 283 4582 cum
314 4517 367 4581 δὺο
394 4513 448 4580 vcl
475 4513 566 4602 ἄμφω
599 4515 790 4580 coniunctae
818 4513 978 4597 legantur,
1011 4521 1089 4596 quot
1117 4532 1189 4581 nou.
1240 4514 1347 4596 Atque
1374 4533 1440 4596 quo

212 4622 341 4688 facilius
374 4620 592 4706 intellegatur,
626 4620 704 4704 quid
732 4621 794 4686 sibi
823 4618 924 4685 velint
950 4620 1084 4704 numeri,
1118 4618 1240 4685 addam
1272 4639 1438 4686 numerum
