3459 5200
889 373 1089 468 *Al--

378 582 436 658 εἰς,
460 600 545 663 quae
569 581 685 664 Cicero
709 582 846 663 eiusque
871 579 996 643 similes
1019 580 1224 659 vitaverant,
1257 601 1386 645 senon
1414 582 1595 646 abhorrere

378 692 502 758 fatetur
524 693 563 758 ΙΙΙ
588 694 674 771 11‚1:
704 689 803 755 trahit
825 689 911 755 urim
930 709 990 755 rios
1011 711 1090 754 ueris
1112 690 1258 773 teuperto
1277 690 1317 756 io
1332 690 1510 774 plutnihitia
1530 712 1594 757 ser-

375 803 480 868 monis
505 802 659 889 orputius.
703 822 802 885 quare
827 822 947 884 aeqrcrrs
973 802 1103 868 admitte
1130 801 1273 888 linquam
1300 804 1417 869 scendi
1441 804 1545 869 nostra
1566 809 1596 869 et

376 916 477 981 deesse
497 914 572 981 huic
593 914 744 999 epistulae
764 913 904 980 Atticum
924 914 1093 980 sanitatem
1114 915 1188 981 boui
1208 915 1342 982 coeunte.
1376 917 1524 983 Proinde
1548 919 1596 983 ita

378 1029 419 1094 de
441 1030 505 1095 hac
528 1049 564 1093 re
587 1028 802 1094 iudicandum
818 1048 893 1093 esse
909 1030 1112 1094 censuerim:
1142 1032 1171 1094 si
1187 1029 1278 1113 quod
1291 1030 1491 1096 vocabulum
1505 1031 1596 1113 apud

377 1142 583 1208 Frontonem
594 1142 771 1225 Apuleium
784 1142 1021 1225 Symmachum
1036 1161 1202 1225 omneque
1216 1142 1251 1206 id
1266 1162 1371 1225 genus
1387 1143 1595 1208 eruditorum

378 1254 580 1337 scriptorum
603 1255 772 1320 invenitur
786 1257 963 1337 praetcrea
984 1254 1073 1335 apud
1096 1257 1188 1319 solos
1211 1256 1357 1319 comicos
1374 1256 1595 1339 autaliquem

377 1369 524 1431 veterem
557 1386 747 1444 occurrens,
780 1365 851 1463 fieri
885 1369 996 1448 potest
1029 1371 1066 1431 ut
1094 1366 1281 1433 imitatione
1310 1386 1507 1451 expressum
1536 1370 1596 1444 sit;

380 1480 568 1544 sinautem
597 1481 698 1544 etiam
726 1480 768 1544 ab
795 1480 921 1543 inculto
949 1481 1048 1561 atque
1077 1478 1213 1543 indocto
1241 1480 1379 1544 homine
1405 1484 1597 1562 usurpatur,

261 1686 265 1690 ι
380 1591 422 1655 de
445 1593 632 1657 imitatione
648 1592 795 1673 cogitare
810 1610 881 1656 non
896 1590 984 1654 licet.
1017 1592 1126 1673 Atque
1142 1610 1218 1656 cum
1233 1591 1377 1658 dubitari
1394 1611 1463 1657 non
1477 1592 1597 1675 possit,

379 1706 460 1786 quin
494 1704 714 1788 Symmachus
745 1705 845 1769 etiam
875 1704 1007 1785 singula
1033 1703 1136 1767 verba
1168 1724 1208 1769 er
1241 1704 1362 1786 priscis
1395 1706 1505 1786 poetis
1536 1706 1597 1768 de-

378 1817 560 1898 sumpserit
583 1820 751 1880 certorum
773 1825 930 1881 versuum
954 1834 1023 1879 non
1049 1815 1255 1893 recordatus
1290 1817 1339 1880 sic
1362 1836 1433 1881 rem
1455 1818 1597 1898 institui,

378 1932 414 1993 ut
436 1930 581 2010 primum
604 1948 721 1993 versus
751 1928 793 1992 ab
824 1948 863 1993 eo
888 1929 958 1992 sive
980 1927 1100 1992 allatos
1129 1929 1199 1992 sive
1226 1929 1439 2011 significatos,
1473 1930 1596 1994 deinde

377 2041 539 2106 vocabula
566 2044 598 2105 et
624 2042 811 2106 locutiones
836 2040 1042 2105 eaeterihus
1065 2040 1202 2105 haustas
1225 2060 1466 2107 enumerarem.
1503 2041 1597 2119 Quas

377 2132 624 2235 avulgarismis
649 2171 826 2217 secernere
850 2152 926 2218 ideo
949 2153 1080 2217 facilius
1103 2157 1156 2218 est
1171 2172 1271 2235 quam
1293 2155 1330 2219 in
1352 2156 1472 2219 ceteris
1490 2155 1597 2237 scrip·

377 2266 518 2342 toribus
554 2266 643 2348 quod
678 2269 806 2330 certum
840 2268 893 2329 est
915 2265 1153 2348 Symmachum
1186 2267 1340 2348 inprimis
1367 2268 1408 2330 'in
1443 2267 1594 2349 epistulis

378 2381 489 2442 aetate
504 2378 672 2460 prioribus
690 2378 862 2443 doctrinae
879 2378 1013 2441 laudem
1027 2376 1226 2442 adfectasse.
1261 2378 1394 2443 Etenim
1417 2380 1457 2443 in
1480 2380 1594 2443 nullo

377 2490 649 2571 epistularum
678 2490 786 2554 lihro
818 2492 880 2554 tot
907 2490 1134 2560 archaismi
1162 2490 1500 2574 imitationesque
1534 2493 1596 2555 in·

376 2603 602 2668 veniuntur
625 2607 722 2684 quot
745 2603 786 2666 in
804 2603 952 2685 primo,
975 2623 1016 2666 ex
1033 2603 1125 2667 cuius
1141 2603 1217 2684 plus
1233 2603 1418 2684 nonaginta
1432 2605 1596 2686 epistulis,

377 2735 516 2798 quarum
549 2720 681 2798 tempus
711 2715 841 2778 definiri
869 2718 996 2796 potest,
1030 2716 1129 2796 longe
1160 2714 1324 2796 plurimae
1357 2720 1436 2779 ante
1464 2737 1493 2780 a.
1522 2717 1595 2794 380,

379 2829 469 2893 nulla
501 2832 579 2910 post
612 2849 641 2892 a.
676 2829 737 2892 385
772 2827 898 2909 scripta
930 2831 992 2890 est.
1048 2826 1122 2903 Qua
1155 2826 1196 2890 de
1231 2845 1332 2891 causa
1365 2827 1454 2891 haud
1487 2847 1598 2910 pauca

380 2940 537 3006 archaice
558 2941 683 3018 vocavi,
707 2960 792 3023 quae
816 2938 965 3020 vulgaria
986 2939 1099 3020 potius
1121 2939 1389 3017 existumassem
1423 2939 1489 3005 uisi
1511 2941 1598 3005 haec

378 3072 497 3118 norma
519 3056 675 3118 exstaret.

881 3189 902 3252 Ι.
947 3187 1089 3254 Naevii

375 3339 509 3384 versum
535 3319 573 3383 18
595 3318 674 3382 Rb.:
708 3317 808 3382 laetus
829 3338 901 3381 mom
922 3315 1050 3381 lorium
1071 3316 1254 3395 mechele,
1283 3321 1386 3399 pater,
1419 3337 1440 3382 a
1467 3317 1598 3382 lorcdoto

375 3429 443 3495 viro
477 3432 640 3514 significat
673 3432 775 3510 13‚1:
811 3427 939 3494 lorcdori
972 3427 1085 3512 quippe
1116 3428 1154 3493 ab
1186 3428 1314 3493 alimoto
1347 3427 1415 3493 ciro
1447 3451 1525 3494 roro
1550 3436 1602 3496 eat

376 3542 484 3607 massis
505 3541 638 3628 inqeuc'i.
684 3542 791 3621 Quem
814 3564 855 3607 ex
879 3542 1040 3608 Cicerone
1063 3544 1220 3606 haustum
1244 3561 1328 3620 esse,
1366 3545 1422 3625 qui
1446 3563 1520 3608 eum
1543 3548 1601 3608 ter

376 3657 473 3721 affert
495 3655 608 3737 (Tusc.
625 3657 665 3719 lv
681 3656 721 3720 67
744 3655 787 3720 ad
810 3655 888 3720 fam.
904 3654 931 3718 V
950 3655 1018 3734 12st
1040 3655 1099 3718 XV
1114 3654 1156 3737 6),
1181 3659 1271 3719 recte
1292 3656 1421 3746 putavit
1436 3655 1598 3721 Seeckius

378 3767 432 3850 (cl.
458 3772 537 3833 sect.
560 3767 668 3852 XVII).

868 3903 904 3970 ΙΙ.
949 3905 1101 3970 Plauti:

376 4036 497 4118 Amph.
505 4032 808 4116 634:itoquoiquect
821 4032 857 4098 io
867 4038 968 4098 aetate
1001 4036 1042 4098 lv
1064 4035 1151 4111 343:
1174 4031 1257 4097 lianc
1278 4031 1422 4098 ornamus
1443 4032 1603 4100 humanis

418 4143 583 4211 homiuum
604 4149 827 4229 comparatum,
849 4144 897 4210 lta
918 4144 968 4209 ctis
1041 4143 1171 4228 porculis
1191 4143 1287 4229 tepent
1300 4150 1422 4210 notiora
1437 4143 1530 4224 dixit,
1553 4152 1598 4211 ut

419 4263 463 4324 est
484 4256 707 4342 complacitum,
730 4257 917 4341 voluptutem
931 4263 969 4322 ut
1046 4256 1554 4341 oi1roev0loptotonseq1uorrrl·.

418 4391 542 4438 moeror
563 4391 660 4436 comes
682 4375 900 4452 omeqootor.

379 4581 501 4635 dadurch
520 4581 593 4633 noch
612 4579 782 4645 lreineswegs
801 4577 948 4641 bewiesen‚
975 4578 1027 4635 dall
1046 4578 1087 4630 sie
1105 4593 1157 4630 uns
1175 4583 1268 4630 zuerst
1285 4577 1313 4629 in
1331 4575 1426 4630 Airilra
1442 4577 1604 4644 hegegnen,

379 4670 415 4722 da
442 4667 560 4734 analoga
582 4665 764 4728 Dokumente,
791 4664 842 4718 wie
866 4664 916 4718 wir
939 4664 979 4717 sie
1002 4665 1046 4717 fur
1068 4665 1208 4732 Karthago
1233 4681 1255 4718 z.
1273 4664 1305 4719 Β.
1324 4680 1359 4717 an
1377 4664 1532 4718 Tertullian
1550 4666 1605 4722 be·

377 4755 474 4816 sitzen,
493 4770 544 4810 uns
565 4754 607 4806 sur
625 4753 719 4822 Capua
737 4753 792 4807 und
811 4752 932 4808 hlailand
951 4752 1070 4808 lchlen“.
