3459 5200
967 360 1011 424 48

374 553 612 656 vixerit-spallo
636 553 864 638 conparaveris
888 561 1010 637 quanto
1033 574 1097 618 non
1120 554 1247 621 vixerit.
1270 553 1330 640 Ep.
1357 557 1408 621 14.
1438 557 1491 621 10:
1516 557 1601 622 male

379 659 420 726 de
444 659 648 746 providentia
671 658 804 739 iudicat,
835 660 912 743 quia
1025 660 1177 744 quicquid
1201 660 1294 726 nobis
1319 660 1419 739 dedit,
1444 663 1534 727 breve
1559 671 1603 727 eat

377 776 409 834 et
432 767 592 852 exiguum,
617 767 645 833 si
669 787 829 853 conpares
852 767 962 833 mundi
986 769 1086 834 totius
1108 791 1191 832 aevu.
1216 768 1275 852 Ep.
1299 771 1353 836 99.
1382 771 1555 837 100131.

464 911 501 978 Τ.
526 910 613 978 Dial.
642 914 691 976 18.
720 913 772 976 16:
807 930 866 976 nec
900 911 1008 977 statim
1042 910 1184 976 deterius
1217 931 1290 976 esse
1322 910 1408 994 quod
1438 910 1599 977 diversum

376 1024 434 1102 est,
462 1017 541 1083 vitio
571 1024 678 1084 autem
710 1017 926 1101 malignitatis
954 1017 1115 1084 humanae
1144 1024 1256 1083 vetera
1285 1038 1412 1104 semper
1439 1022 1472 1083 ia
1502 1021 1599 1099 laude,

372 1129 550 1210 praesentio
573 1125 607 1189 in
630 1124 763 1192 fastidio
788 1145 871 1220 esse.

463 1232 495 1299 S.
529 1232 571 1297 ad
604 1232 704 1300 Marc.
738 1231 779 1298 dc
812 1232 932 1298 consol.
956 1231 1034 1297 XVl
1050 1235 1084 1299 9:
1116 1233 1177 1298 Est
1208 1231 1336 1317 quidem
1370 1233 1454 1299 haec
1488 1239 1601 1298 natura

375 1339 567 1425 mortalium,
590 1346 626 1404 ut
649 1338 727 1404 nihil
752 1340 857 1424 magis
880 1339 1011 1425 placeat
1034 1360 1130 1424 quam
1154 1339 1240 1424 quod
1264 1340 1418 1406 amissum
1448 1347 1512 1405 est:
1542 1339 1600 1404 ini·

374 1447 503 1531 quiores
537 1466 646 1513 sumus
680 1445 838 1512 adversus
866 1447 982 1512 relicta
1015 1453 1196 1533 ereptorum
1224 1446 1396 1512 desiderio.
1424 1446 1466 1513 dc
1495 1445 1601 1514 benef.

373 1554 417 1619 Vl
433 1555 485 1619 32.
510 1556 546 1621 4:
578 1553 712 1638 Regalis
741 1553 863 1637 ingenii
892 1575 962 1620 mos
992 1560 1042 1620 est
1073 1554 1106 1618 in
1132 1558 1343 1639 praecautione
1375 1554 1601 1620 contumeliam

285 1727 287 1732 ,
374 1661 498 1727 amissa
522 1663 660 1726 madore.

465 1804 502 1872 T.
526 1803 615 1872 Dial.
640 1807 693 1871 20.
723 1805 774 1872 12:
799 1803 865 1869 iam
888 1823 965 1870 vcro
989 1805 1122 1870 invenes
1146 1805 1233 1870 etin
1258 1805 1330 1889 ipsa
1353 1804 1531 1871 studiomm
1554 1805 1600 1870 in-

375 1910 457 1977 cude
492 1909 605 1996 positi,
642 1910 696 1993 qui
733 1908 899 1996 profectus
932 1911 981 1977 sui
1015 1931 1116 1976 causa
1148 1919 1293 1978 oratores
1326 1919 1503 1998 sectantur,
1538 1933 1601 1978 non

375 2017 477 2084 solum
501 2020 618 2100 audire,
644 2017 702 2083 scd
727 2017 826 2083 etiam
850 2023 970 2101 referre
991 2019 1602 2104 (10010010110010101001100111180001

373 2125 527 2191 memoria
550 2125 670 2192 volunt.
696 2124 779 2190 conl.
804 2125 889 2192 Dial.
915 2129 966 2194 22.
995 2129 1043 2194 15.

464 2233 496 2300 S.
526 2232 586 2318 Ep.
615 2235 686 2298 108.
711 2237 744 2299 4:
774 2231 836 2308 Qui
866 2233 910 2298 ad
942 2233 1171 2319 philosophum
1202 2235 1299 2316 venit,
1332 2233 1453 2299 cotidie
1484 2237 1602 2317 oliprid

374 2360 484 2407 secum
508 2340 583 2406 boni
600 2345 704 2424 serat:
736 2345 792 2406 aut
820 2341 930 2406 sanior
956 2343 1081 2408 donnum
1108 2341 1222 2407 redcat
1252 2351 1309 2407 aut
1332 2340 1518 2407 sanabilior.

374 2451 403 2513 u.
428 2447 568 2524 Quidam
591 2447 731 2525 veniunt,
755 2454 791 2512 ut
814 2450 951 2513 audiant.

463 2610 499 2675 T.
523 2608 609 2673 Dial.
635 2610 687 2675 22.
714 2610 767 2677 15:
790 2612 871 2673 00101
892 2613 926 2674 in
949 2608 1020 2676 rudi
1045 2612 1192 2692 aedificic.

462 2718 492 2785 S.
518 2716 577 2801 Ep.
602 2718 655 2784 30.
681 2720 714 2783 2:
738 2726 893 2801 turnucum
914 2720 948 2780 iu
970 2716 1055 2802 putri
1080 2718 1226 2799 aedificio.

462 2876 501 2942 T.
525 2876 610 2942 Dial.
635 2879 687 2945 22.
719 2879 767 2943 ll:
798 2896 859 2961 ego
888 2884 996 2943 autem
1025 2888 1194 2961 oratorem,
1222 2877 1307 2943 sicut
1333 2877 1526 2961 locupletem
1559 2896 1600 2941 ac

374 2984 496 3049 lautum
519 2990 643 3068 patrem
670 2984 821 3069 familiae,
844 3005 908 3050 non
933 3005 971 3050 eo
996 2992 1119 3050 tantum
1143 2984 1216 3050 volo
1240 2992 1325 3051 tecto
1350 2987 1408 3067 {epi
1431 2982 1516 3067 quod
1541 2984 1598 3047 irn-

373 3092 460 3157 brem
485 3111 524 3156 ac
547 3097 675 3156 ventum
700 3100 812 3173 urceot,
833 3090 891 3157 scd
912 3091 1010 3157 etiam
1034 3090 1119 3175 quod
1143 3092 1247 3157 visum
1271 3091 1599 3171 etooulusdeleete13

374 3218 437 3262 non
463 3218 502 3263 ca
527 3197 630 3263 solum
654 3198 767 3263 instrui
790 3201 972 3283 supellectile
995 3218 1079 3282 quae
1107 3201 1289 3264 mercuriis
1316 3200 1422 3263 001000
1449 3196 1599 3278 sufficiat,

374 3303 431 3369 sed
457 3304 555 3370 sitin
579 3311 740 3389 apparatu
765 3306 834 3371 eius
859 3314 892 3372 et
913 3328 1027 3371 curum
1051 3312 1084 3371 et
1106 3325 1263 3389 gemmae.

461 3411 493 3479 S.
519 3412 578 3496 Ep.
595 3414 624 3478 8.
640 3414 676 3477 5:
701 3413 802 3479 vestis
825 3422 930 3478 arceat
953 3410 1065 3497 frigus,
1089 3412 1203 3477 domus
1227 3412 1455 3479 munimentum
1479 3412 1522 3478 sit
1541 3410 1598 3477 ad-

372 3536 485 3583 versus
509 3517 629 3584 infesta
657 3519 809 3604 corporis.
934 3521 1050 3586 scitote
1081 3526 1147 3584 tam
1180 3520 1262 3585 bene
1294 3518 1454 3585 hominem
1492 3519 1598 3583 culmo

372 3644 468 3707 quam
501 3648 578 3689 auro
613 3630 680 3707 topi.
713 3626 772 3711 Ep.
799 3630 850 3693 88.
875 3628 932 3693 36:
964 3627 1028 3705 „At
1059 3626 1143 3692 enim
1174 3630 1300 3691 delectat
1333 3627 1450 3691 artium
1483 3626 1598 3691 notitia

373 3730 574 3797 nrultarum.“
636 3739 759 3798 tautum
796 3733 908 3817 itaque
944 3754 985 3799 ex
1018 3733 1083 3799 illis
1116 3734 1327 3817 retineamus,
1361 3740 1516 3817 quantum
1547 3756 1598 3797 oe-

372 3842 538 3904 ccnrurium
562 3846 621 3906 cst.
646 3860 688 3904 un
712 3848 747 3905 tu
770 3840 938 3907 existimas
970 3838 1285 3927 reprehendendum,
1313 3840 1367 3923 qui
1396 3861 1599 3927 supervacua

370 3949 477 4013 0011100
500 3955 657 4031 conparat
681 3956 713 4011 et
736 3948 950 4033 pretiosarum
974 3967 1080 4012 rerum
1103 3968 1254 4032 pompam
1279 3948 1311 4012 in
1326 3946 1420 4013 domo
1437 3947 1596 4033 explicat:

371 4074 434 4118 non
458 4060 555 4138 putas
580 4074 660 4139 eum,
684 4054 738 4137 qui
763 4062 939 4140 occupatus
968 4060 1018 4121 est
1046 4055 1079 4119 in
1108 4074 1311 4141 supervacua
1338 4054 1518 4120 litterarum
1546 4077 1597 4119 uc-

366 4164 532 4245 pelleelilel
554 4161 614 4247 Ep.
639 4164 692 4229 90.
722 4167 775 4244 153
803 4164 878 4231 110.
907 4164 955 4229 12.

459 4303 497 4371 T.
521 4304 607 4371 Dial.
631 4306 683 4371 25.
709 4308 741 4371 l:
769 4304 844 4369 dum
875 4304 972 4369 modu
1000 4308 1196 4389 inconsonae
1219 4308 1273 4388 sit3
1302 4305 1344 4373 ib.
1368 4308 1421 4373 27.
1444 4306 1480 4371 3:
1510 4303 1596 4387 quod

370 4410 458 4495 apud
481 4431 532 4478 me
555 4409 685 4494 quidem
708 4415 741 4475 iu
763 4418 903 4496 confesso
928 4421 981 4481 ao.

459 4519 490 4587 S.
515 4518 557 4585 de
575 4520 662 4587 brev.
676 4519 731 4587 vit.
747 4519 778 4585 ΙΙ
792 4523 828 4585 4:
853 4540 990 4604 quorum
1004 4524 1037 4585 tn
1061 4526 1201 4604 consecro
1220 4519 1308 4587 mala
1321 4528 1409 4601 aaron
1432 4518 1475 4586 de
1487 4518 1593 4587 benef.

371 4626 417 4687 lll
436 4630 484 4690 11.
514 4628 549 4691 2:
583 4625 693 4691 horum
725 4631 759 4691 ia
790 4632 931 4712 consecro
964 4628 1080 4694 merita
1111 4637 1204 4709 eun&
1237 4627 1279 4693 de
1310 4626 1415 4694 benef.
1442 4626 1539 4695 Vl‘l.
1562 4629 1595 4693 5:
