3459 5200
202 613 239 680 T.
264 613 343 680 Anu.
358 612 406 677 111
425 615 477 678 55.
505 615 559 679 18:
576 613 639 678 nisi
656 611 846 680 folleradus
861 619 983 679 01010110
998 611 1082 676 inest
1102 613 1234 699 quidum
1254 617 1337 680 celui

122 723 210 804 orbis,
234 727 267 784 ut
289 739 384 804 quem
407 718 449 784 ad
473 718 602 785 modum
626 731 804 807 terriporum
828 725 921 802 uices,
944 719 991 782 ita
1014 739 1137 784 morum
1163 731 1337 787 uertuntur.

203 829 234 890 S.
259 827 316 911 Ep.
344 830 394 892 36.
422 829 476 893 li:
502 825 568 892 Sed
592 832 707 912 postea
736 825 925 910 diligentius
954 824 1078 892 docebo
1107 826 1223 910 omnia,
1253 847 1337 909 (puae

120 933 260 1000 videntur
294 933 415 1020 perire,
455 934 579 999 mutari.
636 955 740 1018 aequo
773 933 881 1000 animo
915 933 1012 999 debet
1044 931 1206 999 rediturus
1238 933 1336 998 exire.

119 1041 249 1106 observa
278 1043 385 1108 orbem
413 1063 522 1108 rer-run
550 1040 583 1105 in
614 1061 650 1107 se
681 1041 906 1108 remeantium:
939 1040 1066 1107 videbis
1099 1040 1178 1106 nihil
1212 1041 1244 1104 iu
1276 1041 1337 1105 hoe

118 1145 228 1212 mundo
253 1147 425 1231 exstingui,
450 1146 508 1213 sed
532 1148 658 1214 vicibus
682 1147 881 1215 descendere
904 1169 944 1214 ac
967 1168 1117 1231 surgere:
1141 1156 1253 1214 aestas
1281 1149 1337 1212 ab·

117 1254 164 1332 iit,
187 1252 244 1320 sed
268 1253 352 1319 alter
375 1251 464 1318 illam
488 1273 592 1322 annus
616 1253 766 1324 adducet.
795 1254 898 1322 biems
921 1254 1053 1338 cecidit,
1076 1252 1217 1320 referent
1248 1253 1337 1319 illam

117 1362 162 1428 sui
184 1381 319 1427 menses.
343 1360 444 1427 solern
467 1381 531 1426 nox
555 1362 669 1440 obruit,
695 1361 753 1428 sed
777 1362 883 1448 ipsam
907 1361 1017 1428 statim
1040 1361 1111 1428 dios
1135 1362 1253 1445 abiget.
1275 1362 1335 1446 Ep.

117 1470 244 1534 1110
269 1467 389 1534 nulllus
412 1468 459 1534 rei
484 1467 556 1534 finis
581 1474 639 1552 est,
668 1468 725 1536 sed
751 1469 783 1534 in
807 1471 914 1537 orbem
937 1489 1022 1533 ucxa
1045 1477 1119 1534 sunt
1141 1474 1267 1536 00011οε
1290 1469 1335 1533 lu-

116 1575 202 1658 giunt
215 1596 254 1641 ac
270 1582 456 1658 sequuntur.
481 1573 566 1642 diem
582 1596 646 1641 nox
660 1576 784 1661 premit,
800 1574 871 1642 dies
886 1582 1020 1660 noctem,
1035 1581 1146 1641 aestas
1165 1575 1335 1640 100111001-

114 1702 184 1747 num
203 1680 331 1766 desinit,
355 1688 507 1747 autumno
530 1682 634 1750 hiems
657 1683 765 1768 instat,
787 1703 872 1767 qrrae
891 1703 967 1749 vere
985 1683 1205 1767 conpescitur:
1228 1687 1336 1750 000110

114 1789 178 1874 [aie]
200 1795 370 1856 transeunt
392 1795 428 1854 ut
449 1796 660 1857 revertantur.
693 1791 752 1875 Ep.
775 1793 825 1856 il.
846 1793 885 1856 13
910 1810 972 1872 sq.:
1002 1788 1107 1854 Gentis
1129 1798 1206 1855 eunt
1224 1801 1337 1856 crunctc

114 1897 323 1982 temporibus:
353 1897 445 1962 nasci
473 1895 600 1982 debent,
630 1917 790 1982 creseere,
818 1897 990 1980 exstingui.
1096 1895 1248 1980 quicquid
1277 1903 1336 1974 eat,

114 2024 172 2069 uon
204 2005 281 2071 erit:
315 2023 376 2070 nee
407 2003 534 2090 peribit,
568 2003 626 2071 sed
658 2003 846 2071 resolvetur.
894 2004 986 2070 nobis
1020 2003 1104 2069 solvi
1135 2004 1241 2088 perire
1274 2012 1334 2074 est.

113 2111 254 2196 proxima
279 2111 363 2176 enim
387 2110 559 2176 intuemur:
589 2110 633 2177 ad
662 2111 815 2177 ulteriora
842 2132 908 2177 non
936 2111 1093 2196 prospicit
1119 2131 1210 2178 mens
1236 2113 1336 2178 hebes

113 2225 247 2303 atquae
272 2237 308 2284 se
332 2218 458 2304 corpori
482 2217 623 2285 addixit:
641 2218 786 2302 alioquin
810 2218 925 2285 fortius
949 2217 1044 2284 finem
1068 2219 1118 2284 ani
1142 2239 1335 2303 suorumque

112 2332 281 2410 pateretur,
306 2326 333 2392 si
357 2333 510 2412 speraret,
539 2326 595 2411 [ut]
620 2327 729 2391 omnia
752 2325 822 2410 illa,
847 2326 896 2392 sic
923 2324 1023 2391 vitam
1051 2331 1251 2410 mortemque
1275 2351 1336 2414 per

117 2437 192 2500 vices
217 2441 266 2502 ire
291 2439 324 2498 et
347 2432 516 2517 conposita
539 2431 689 2513 dissolui,
720 2432 880 2500 dissoluta
909 2433 1058 2518 conponi,
1088 2433 1122 2498 in
1149 2433 1211 2499 boc
1238 2455 1336 2519 opere

111 2547 273 2607 aeternam
301 2546 403 2606 artem
430 2550 542 2609 cuncto
571 2540 782 2627 temperantis
812 2539 865 2607 dei
888 2541 979 2607 verti.
1026 2540 1086 2625 Ep.
1113 2542 1246 2609 108.19
1270 2562 1334 2625 sq.:

111 2656 144 2713 at
165 2647 372 2733 Pythagoras
396 2648 535 2714 omnium
559 2648 641 2715 inter
665 2650 773 2715 omnin
796 2649 1023 2732 cognationem
1050 2669 1124 2716 csse
1152 2648 1283 2715 dicebat
1303 2656 1336 2716 et

110 2756 286 2823 animorum
319 2756 542 2822 commercium
578 2756 612 2821 in
643 2757 727 2822 alias
765 2763 862 2840 atque
898 2756 982 2822 alias
1016 2756 1136 2823 formas
1167 2761 1335 2823 transeun-

111 2861 194 2931 tium.
296 2862 486 2948 videbimus,
513 2884 571 2949 per
598 2884 680 2948 quas
712 2873 888 2953 teniporum
921 2869 1003 2931 vices
1036 2872 1069 2929 et
1101 2862 1231 2947 quaudo
1263 2883 1334 2947 per-

111 2971 223 3037 erratis
247 2969 394 3056 pluribus
419 2970 592 3037 domiciliis
616 2972 648 3036 in
673 2970 832 3037 bominem
857 2978 1046 3038 revertatur.
1142 2991 1206 3035 non
1228 2968 1334 3054 eredis

110 3076 185 3142 nihil
208 3077 317 3164 perire
345 3078 378 3142 in
404 3076 465 3144 hoo
492 3077 620 3161 mundo,
649 3078 708 3144 sed
741 3086 865 3144 mutare
899 3078 1087 3161 regionem?
1120 3097 1180 3143 nec
1211 3083 1333 3143 tantum

109 3185 265 3252 caelestia
297 3206 355 3271 per
387 3191 492 3251 certos
526 3185 677 3252 circuitus
709 3188 804 3272 uerti,
838 3185 897 3252 sed
929 3186 1084 3251 animalia
1117 3205 1244 3269 quoque
1275 3210 1335 3269 per

110 3298 186 3360 uices
210 3299 260 3359 ire
284 3300 317 3358 et
339 3292 463 3357 animos
487 3312 544 3377 per
567 3296 674 3361 orbem
697 3293 775 3377 agi?
804 3290 902 3378 (conf.
932 3292 973 3359 de
998 3293 1103 3360 benef.
1127 3293 1156 3359 V
1180 3296 1211 3359 8.
1226 3294 1331 3375 4-o;

110 3398 164 3484 llp.
191 3403 265 3468 119.
290 3402 325 3483 83
350 3398 391 3466 de
415 3420 490 3466 rem.
515 3399 585 3467 fort.
610 3402 642 3465 11
656 3404 694 3483 b:
718 3399 871 3470 Herodot.
898 3402 1014 3479 1207.)

195 3614 234 3679 Τ.
260 3615 341 3679 Ann.
366 3614 455 3683 1113.
485 3617 538 3682 10:
563 3614 647 3680 hanc
662 3622 697 3680 nt
711 3636 820 3682 amore
841 3614 993 3681 incensus
1012 3613 1172 3681 adulterio
1192 3613 1335 3699 pellexit,

108 3727 139 3785 et
161 3727 335 3807 postquam
358 3722 451 3807 primi
475 3722 592 3807 flagitii
616 3723 737 3807 potitus
762 3729 812 3789 eat
839 3728 952 3811 (ireque
980 3727 1250 3808 femineumnec
1272 3747 1335 3809 pr:-

107 3830 222 3897 divitia
244 3830 312 3897 alic
327 3832 499 3915 abnuerit),
523 3829 567 3895 ad
582 3829 723 3913 coniugii
739 3850 838 3915 spem,
859 3830 1057 3895 consortium
1071 3828 1163 3913 regni
1178 3835 1210 3894 et
1223 3848 1333 3895 necem

108 3936 212 4001 mariti
235 3936 372 4021 impulit.

196 4043 411 4129 Hieronymus
435 4042 508 4111 adv.
532 4044 689 4112 loviniau.
714 4043 767 4111 lib.
791 4044 807 4107 I
829 4064 860 4129 p.
889 4046 952 4110 192
976 4044 1114 4127 (Seneca
1136 4042 1185 4108 111
1207 4064 1237 4127 p.
1258 4045 1334 4127 432,

109 4153 148 4217 18
169 4149 311 4237 Haase):
335 4151 525 4218 Doctiasimi
548 4151 607 4217 viri
632 4173 694 4217 vox
714 4159 773 4231 est,
794 4155 994 4239 pudicitiam
1017 4150 1164 4236 inprimis
1188 4170 1262 4216 esse
1286 4169 1332 4216 16·

108 4256 283 4336 1106011010,
307 4284 372 4347 quo
396 4264 517 4327 arruisse
541 4264 645 4327 otonis
669 4265 774 4327 virtus
799 4268 880 4327 ruit:
907 4258 1026 4324 iubae
1049 4258 1249 4324 muliebrium
1272 4257 1333 4321 vir-

108 4370 209 4431 tutum
239 4363 440 4451 principatus
470 4374 529 4433 est.
558 4366 639 4433 baec
667 4387 842 4452 pauperem
873 4364 1091 4451 commendat,
1120 4363 1253 4429 diuitem
1280 4384 1334 4430 ex-

108 4472 206 4551 tollit,
236 4471 400 4541 deformen
429 4472 573 4552 redimit,
604 4480 737 4539 exornat
764 4474 940 4559 pulchram.
969 4473 1002 4541 S.
1025 4473 1086 4557 Ep.
1110 4474 1163 4540 88.
1188 4474 1223 4539 8:
1251 4471 1334 4540 doce

107 4598 166 4663 me,
191 4578 267 4663 quid
291 4580 334 4647 sit
352 4584 517 4668 pudicitia
540 4590 573 4647 et
595 4589 749 4665 quantum
773 4581 805 4647 in
830 4603 871 4648 ea
901 4582 1032 4664 bonum,
1060 4579 1094 4645 in
1126 4599 1260 4665 corpore
1290 4602 1334 4647 au

109 4684 141 4751 in
164 4686 271 4754 animo
294 4688 401 4774 posita
425 4690 475 4757 sit.
