3459 5200
938 390 976 451 la

776 630 909 735 Caput
935 630 1126 715 alterum.

613 820 664 889 lto
685 821 892 890 lltterornm
914 820 1129 891 Graecorum
1152 822 1294 892 studiis.
1350 835 1355 841 “

917 979 989 1062 §a

429 1116 645 1182 Homerum
674 1117 737 1182 etsi
766 1122 1008 1184 connnemorat
1034 1118 1253 1201 Symmachus
1276 1119 1345 1184 VIII
1366 1121 1456 1198 hid:
1488 1138 1566 1183 nam

344 1232 374 1292 et
396 1226 570 1293 Homerum
592 1225 739 1293 noaimras
759 1248 779 1294 a
801 1227 1005 1293 dissimilibus
1021 1228 1204 1313 praedicari
1226 1231 1281 1314 (ef.
1302 1232 1432 1312 111743
1454 1235 1564 1296 eatam

344 1338 512 1407 maalmas.
555 1342 599 1407 IX
625 1342 717 1421 naa
752 1339 923 1406 Homerica
954 1340 1167 1425 arqiollatiaae.
1218 1363 1266 1408 or.
1295 1343 1322 1408 11
1349 1344 1391 1408 26
1430 1339 1566 1407 Traiani

308 1482 311 1489 ·
344 1450 497 1517 carminis
518 1457 628 1517 auctor
649 1450 810 1539 irdastris)
846 1458 879 1519 et
901 1476 955 1521 res
979 1476 1020 1521 ex
1043 1456 1115 1521 eius
1139 1456 1344 1521 carminibus
1366 1454 1489 1538 petitas
1515 1456 1566 1521 ia·

344 1566 476 1631 tardum
498 1567 643 1649 profert,
675 1572 788 1633 tanren
815 1567 962 1633 dubitari
984 1571 1097 1652 potest
1120 1590 1201 1634 num
1223 1570 1299 1652 ipsa
1320 1570 1392 1634 eius
1416 1569 1566 1633 carmina

269 1753 272 1757 ,
343 1679 476 1760 legerit;
510 1699 576 1762 qna
599 1679 639 1743 do
663 1698 764 1745 caiisa
787 1680 964 1745 enucleare
994 1681 1117 1759 studui,
1152 1700 1193 1745 ex
1222 1681 1343 1765 quibus
1371 1682 1565 1747 auctoribus

345 1792 495 1857 hauserit
518 1811 602 1873 quae
625 1792 719 1856 utin
741 1792 890 1857 Homero
913 1792 1000 1857 lecta
1022 1796 1179 1857 ostentat.

430 1904 480 1968 Ex
502 1904 648 1969 Iliadis
673 1906 772 1970 rebus
795 1905 881 1969 haec
903 1905 1107 1970 afferuntur:

345 2036 384 2101 lll
414 2036 500 2115 11‚1:
536 2032 658 2117 sampsi
684 2032 810 2117 pariter
839 2032 985 2119 asininas
1016 2032 1138 2099 litteras
1170 2038 1243 2098 tuas
1266 2030 1420 2098 Nestorea
1451 2037 1489 2097 at
1522 2032 1566 2098 ita

408 2145 546 2211 diaerim
567 2166 668 2211 amara
689 2144 832 2229 scriptas.

430 2261 464 2326 Il.
486 2262 517 2324 A
539 2260 600 2325 247
625 2280 696 2344 sqq.
742 2260 790 2325 af.
815 2259 882 2325 Cic.
906 2260 989 2325 Cato
1013 2258 1051 2321 31
1077 2256 1108 2341 (ἐ
1131 2259 1151 2323 5
1175 2261 1255 2322 sect.
1277 2258 1386 2339 xvh).

345 2392 385 2455 lll
421 2392 507 2469 132:
560 2386 682 2453 mdlam
714 2392 795 2453 certe
825 2388 942 2453 Nestor
975 2386 1067 2452 tertio
1097 2386 1167 2452 acai
1198 2385 1252 2451 sni
1283 2386 1403 2451 mecrobi
1434 2386 1568 2451 militiae

408 2500 602 2567 vacationem
623 2499 776 2584 poposcit,
809 2518 868 2566 aec
889 2498 1008 2565 Achilli
1035 2498 1197 2565 exarmavit
1223 2498 1337 2565 aetatis
1362 2519 1440 2565 sicae
1459 2496 1566 2583 fricas

408 2636 504 2681 serica
529 2614 675 2680 monitor.

430 2731 464 2794 ll.
487 2729 517 2794 A
540 2729 603 2794 250
625 2748 708 2811 sqq,
742 2729 840 2793 1432
864 2747 936 2811 sqq.
982 2727 1031 2792 Cf.
1054 2728 1121 2792 Cic.
1145 2727 1228 2791 Cato
1252 2727 1290 2789 31
1322 2723 1363 2788 de
1390 2745 1439 2790 or.
1462 2723 1503 2788 ΙΙΙ
1524 2725 1565 2789 57

345 2841 376 2925 (ξ
399 2845 419 2906 5
443 2845 523 2907 sect.
546 2840 654 2924 XVII).

346 2971 502 3036 012118:
546 2968 617 3034 cado
638 2965 727 3048 mibi,
761 2965 941 3050 imperator,
974 2965 1042 3030 belli
1064 2966 1089 3030 Ι
1090 2963 1199 3030 lacrmis
1224 2963 1406 3030 historiam:
1432 2963 1567 3050 probabo

405 3080 572 3147 Graeciam
588 3101 692 3164 parma
718 3079 886 3144 mentitam
907 3100 964 3144 nec
991 3077 1212 3163 maarritndirri
1239 3075 1372 3142 semisse
1396 3097 1455 3142 nec
1481 3075 1564 3158 fidei.

409 3193 506 3259 ailant
537 3193 647 3258 bacas
674 3193 716 3258 ad
743 3191 873 3258 Troiam
899 3191 994 3258 abasse
1020 3189 1136 3255 delatos
1162 3188 1265 3275 iqrroti
1296 3187 1398 3255 litoris
1426 3189 1567 3255 timuisse

409 3313 595 3388 contactam,
629 3307 725 3372 donec
757 3306 931 3390 formidata
962 3326 1111 3389 rcqooasa
1142 3305 1190 3370 ael
1215 3308 1368 3370 strennus
1395 3301 1567 3368 temeritate

409 3421 510 3487 im'ret
530 3420 577 3486 ael
597 3420 712 3503 frande
733 3424 881 3486 nereidas
902 3419 1046 3484 drideret.

432 3537 515 3603 Cum
547 3535 714 3600 Homerus
747 3535 782 3599 ll.
806 3533 833 3598 B
856 3534 919 3597 698
950 3553 1022 3616 sqq.
1055 3530 1217 3615 pauciora
1250 3535 1398 3612 enarret,
1432 3528 1566 3595 aliunde

347 3649 460 3714 hausit
475 3647 705 3732 Symmachus,
722 3647 868 3710 fortasse
884 3666 926 3710 ex
940 3645 1020 3710 XIII.
1048 3643 1157 3708 Ovidii
1172 3643 1311 3708 herolde
1334 3643 1365 3727 (ἕ
1380 3643 1400 3708 5
1417 3645 1498 3707 sect.
1513 3641 1566 3725 X).

346 3779 497 3855 111742:
541 3795 619 3841 nam
646 3779 675 3839 et
696 3773 841 3840 Achillea
868 3777 978 3839 aatram
1003 3773 1164 3839 maximas
1188 3771 1287 3855 refert
1312 3793 1444 3857 marram
1465 3769 1568 3838 animi

411 3909 506 3955 arras
525 3887 641 3970 ridibacs
661 3886 829 3952 resolvisse.

431 4004 467 4068 Il.
490 4003 503 4066 Ι
528 4004 587 4067 185
618 4022 690 4085 sqq.
736 4003 784 4067 Cf.
808 4001 878 4067 Vel.
905 4002 991 4065 Max.
1015 4000 1083 4064 VIII
1105 4001 1125 4063 8
1153 4003 1217 4065 ent.
1246 4001 1267 4065 2
1301 4002 1334 4064 et
1360 3999 1441 4065 Hor.
1470 3998 1566 4082 epod.

349 4117 440 4195 13‚17
464 4115 495 4198 (ἕ
518 4117 537 4180 5
561 4119 642 4179 sect.
663 4113 746 4196 XX).

347 4245 390 4312 IX
415 4247 523 4323 non:
560 4248 597 4308 at
613 4241 711 4326 plane
734 4239 903 4306 Homerica
929 4239 1135 4325 appellatione
1156 4263 1235 4306 usia
1263 4239 1445 4324 περιδέξιον
1467 4238 1501 4304 id
1522 4241 1568 4305 est

410 4355 666 4440 aeq-almannml)
691 4359 718 4418 te
739 4375 803 4418 esse
819 4353 1038 4437 prorui-rationi.

434 4471 469 4534 ll.
493 4467 524 4532 Φ
550 4469 619 4533 163.

349 4612 496 4620 ———-.
516 4610 652 4616 -—·—-.-

436 4677 456 4745 ¹)
475 4677 565 4729 Verba
582 4673 611 4728 id
628 4676 668 4728 est
683 4671 874 4743 aequimanum
885 4673 997 4727 inclusit
1010 4673 1154 4738 Seeckius;
1173 4689 1209 4726 an
1220 4688 1372 4742 perperam¹
1392 4672 1513 4736 dubites;
1534 4673 1568 4725 ct.

347 4766 419 4820 Hier.
439 4764 467 4817 in
480 4765 549 4818 Dan.
564 4763 623 4827 125
640 4761 710 4818 rmdc
728 4754 902 4831 φερνοφόρος
919 4761 948 4816 id
964 4764 1004 4814 est
1020 4759 1119 4816 datalia
1134 4761 1271 4832 appdlata
1287 4763 1334 4815 est.
1361 4759 1475 4814 Accedit
1493 4759 1569 4829 quod
