3459 5200
775 449 815 515 19

210 646 383 716 medula
404 646 619 713 hordiuon'cm
648 646 677 711 A
714 645 795 711 ordi-
848 644 994 711 tardema

402 752 562 819 awiamB
585 751 795 819 adhaesi]

402 862 595 928 hordiorm
616 860 658 944 V,
689 862 796 927 horde-

402 972 505 1036 aciam
527 968 562 1037 O.

270 1128 320 1193 Ex
350 1127 403 1195 his
434 1127 627 1196 lectionibus
659 1126 762 1213 primo
794 1125 925 1212 quidem
958 1127 1071 1194 obtutu
1104 1132 1250 1215 apparet,
1287 1130 1410 1211 quanto

186 1253 285 1321 opere
313 1235 482 1303 Michaelis
514 1234 557 1302 de
584 1235 744 1302 Vaticano
771 1234 801 1299 D
833 1241 868 1301 ut
899 1234 972 1301 libri
995 1234 1025 1299 Y
1053 1239 1137 1303 teste
1169 1233 1287 1301 ceteris
1317 1253 1410 1320 prac-

187 1342 342 1409 stantiore
377 1342 541 1409 erraverit.
589 1338 697 1420 Quid?
744 1341 853 1410 Sanae
885 1340 1003 1409 rationi
1029 1362 1095 1408 non
1122 1340 1323 1428 adversatur,
1355 1340 1411 1425 qui

183 1449 329 1517 codicum
352 1449 639 1538 decomptores
662 1470 703 1517 ex
726 1447 904 1536 archetypo
928 1449 958 1514 Y
980 1449 1195 1536 transcriptas
1219 1468 1301 1536 esse,
1325 1453 1409 1517 cete

183 1578 291 1624 rorum
314 1578 390 1625 vero
414 1557 509 1624 huius
533 1556 650 1625 classis
673 1557 827 1624 librorum
850 1557 1008 1625 lectiones
1036 1556 1196 1643 genuinas
1221 1556 1411 1624 correctoris

184 1686 284 1753 opera
306 1664 441 1733 alterius
462 1665 605 1732 familiae
628 1665 743 1732 librum
765 1663 926 1751 quendam
949 1663 1135 1733 adhibentis
1155 1664 1323 1733 restitutas
1338 1684 1412 1731 csse

186 1772 382 1843 contendat?

274 1916 493 1984 Baehrensius
516 1936 627 1984 earum
644 1917 828 1995 lectionum,
852 1922 1031 2001 quaesunt
1053 1936 1238 1984 communes
1259 1916 1412 1985 librorum

185 2025 271 2093 Oet
298 2026 339 2110 D,
377 2025 493 2092 ductus
525 2025 719 2093 auctoritate
750 2024 838 2092 baud
869 2023 1054 2111 spernenda
1084 2024 1336 2091 VaticanumD
1372 2046 1413 2093 ex

189 2132 305 2199 eodem
340 2130 430 2200 fonte
465 2131 592 2200 derivat
627 2152 668 2200 ex
705 2154 768 2218 quo
800 2132 1045 2201 Parnesianum.
1102 2131 1175 2210 Qua
1207 2132 1241 2199 in
1272 2152 1308 2199 re
1340 2154 1412 2199 cum

182 2239 353 2306 Michaelis
379 2260 443 2306 non
472 2240 576 2307 solum
605 2239 646 2307 de
673 2239 833 2307 Vaticano
861 2240 892 2307 D
926 2239 1112 2309 sedebam
1140 2239 1181 2307 do
1210 2238 1356 2306 codicum
1385 2240 1410 2307 0

183 2353 217 2414 et
239 2345 263 2410 Δ
286 2347 488 2413 fraternitate
511 2346 680 2433 impugnet
702 2347 832 2433 iudicia,
860 2354 896 2413 ut
918 2346 1063 2415 iudicare
1085 2346 1248 2435 possimus
1272 2346 1314 2414 dc
1337 2368 1410 2415 con·

182 2453 346 2521 iunctione
377 2454 597 2540 exemplorum
630 2455 656 2522 (l
685 2463 717 2522 et
743 2456 784 2541 D,
816 2455 945 2541 qualern
977 2454 1197 2523 Baehrensius
1228 2455 1408 2541 proposuit,

183 2582 247 2646 quo
275 2562 344 2630 iure
367 2562 537 2630 Michaelis
562 2561 586 2629 O
611 2570 643 2630 et
665 2561 691 2629 Δ
725 2562 881 2649 gemellos
910 2581 984 2631 csse
1012 2561 1174 2632 censuerit
1201 2560 1409 2648 inquiramus.

181 2670 216 2736 Is
239 2669 451 2756 praefationis
474 2691 505 2756 p.
525 2671 605 2738 XVI
627 2670 709 2738 haec
731 2670 841 2738 affert:
868 2677 978 2738 »atat
1001 2671 1085 2738 enlm
1109 2668 1213 2738 codex
1233 2670 1410 2740 Vaticanus

181 2776 209 2841 Δ
236 2777 269 2842 in
296 2776 490 2863 quibusdam
516 2779 613 2845 rchus
643 2777 863 2863 singularibus
890 2765 1090 2846 Parnesiano
1123 2786 1190 2845 tam
1224 2777 1347 2866 similis,
1376 2786 1411 2846 ut

183 2885 260 2969 quin
289 2885 405 2953 eadem
431 2885 599 2970 utriusque
627 2886 718 2971 origo
749 2885 792 2954 sit
819 2893 959 2971 nequeat
987 2884 1137 2954 dubitari.
1183 2905 1225 2951 no
1253 2885 1409 2954 tamend

182 3016 204 3062 e
228 2995 253 3062 0
277 2995 472 3084 descriptum
496 2996 613 3064 credas
635 2996 764 3083 plurimi
788 2997 851 3064 loci
875 2995 1026 3083 efficiunt,
1049 2997 1165 3082 quihus
1190 2995 1216 3062 (l
1239 2998 1328 3064 selus
1352 3015 1410 3062 seu

184 3103 397 3190 neglegenter
419 3125 478 3172 seu
500 3113 621 3172 temere
643 3105 745 3172 verba
766 3103 935 3191 scriptoris
961 3104 1072 3188 aliquo
1095 3102 1190 3170 modo
1219 3102 1408 3184 immutavit,

188 3207 314 3278 duero
343 3232 413 3280 curn
440 3212 557 3279 ceteris
585 3210 751 3279 codicibus
779 3212 925 3280 omnihus
954 3211 1043 3280 facit.
1090 3211 1201 3296 itaque
1223 3217 1257 3279 et
1280 3211 1305 3278 0
1329 3208 1409 3277 etd

183 3317 342 3404 originem
380 3319 501 3386 ducunt
537 3340 556 3386 e
587 3319 747 3387 communi
782 3319 959 3407 archetypo
997 3316 1095 3385 hodie
1131 3317 1300 3404 deperdito
1328 3319 1405 3402 (x).‹

184 3427 292 3512 Atque
328 3447 369 3494 ne
404 3427 505 3494 variis
542 3427 692 3494 Vaticani
724 3425 750 3492 Δ
785 3427 978 3495 lectionibus
1015 3425 1237 3492 commentarii
1274 3431 1410 3510 angeret

182 3533 309 3621 molem,
335 3533 548 3621 praelationis
575 3533 840 3604 adnotationibus
867 3533 970 3621 XVII,
998 3532 1116 3620 XVIII,
1143 3533 1232 3620 XIX,
1255 3532 1319 3598 XX
1351 3551 1408 3600 cos

183 3641 349 3727 congessit
375 3643 474 3728 locos,
502 3642 619 3727 quibus
650 3641 676 3708 Δ
704 3641 948 3710 aFamesiano
975 3640 1107 3708 recedit.
1154 3640 1255 3708 Sexta
1282 3638 1409 3708 decima

184 3758 293 3819 autern
316 3750 527 3818 adnotatione
549 3751 610 3818 has
633 3749 790 3819 lectiones
814 3749 960 3818 codicum
982 3748 1033 3816 ΟΔ
1057 3768 1242 3816 communes
1266 3747 1407 3834 collegit

187 3857 308 3925 Omitto
332 3879 389 3926 eos
411 3857 510 3944 locos,
534 3859 651 3944 quibus
674 3859 715 3942 V,
745 3857 881 3926 easdam
905 3877 987 3943 quas
1006 3855 1057 3923 ΟΔ
1080 3856 1236 3924 lectiones
1258 3857 1407 3943 praebet3

183 3967 328 4051 reliquas
351 3966 411 4034 bas
433 3985 593 4054 propono:

498 4126 670 4211 canuno
1116 4123 1168 4192 oc

185 4273 262 4342 dial.
291 4275 385 4342 2021
411 4280 570 4339 exercetor
591 4270 678 4336 BED
929 4272 1067 4354 cungelm

411 4379 565 4518 caedcdtar
587 4451 616 4516 A

411 4579 875 4718 effingenda

463 4734 602 4824 prascr.)
