3459 5200
689 807 818 922 Caput
848 809 904 895 H.

439 997 499 1068 De
532 1000 750 1068 vocalium
780 1005 868 1062 Alt‘
898 999 1156 1068 nominibna

189 1175 192 1182 ·
271 1159 322 1229 lie
352 1159 514 1230 vocalium
546 1151 626 1222 All
651 1161 833 1229 nominibus
865 1180 959 1228 nomo
991 1179 1128 1246 usquam
1160 1160 1274 1228 dedita
1305 1181 1407 1250 opera

182 1261 350 1352 disseruit3
387 1285 493 1355 pauca
525 1288 584 1355 per
615 1269 819 1335 occasionem
852 1267 1042 1336 rettulerunt
1073 1267 1179 1336 carol.
1213 1269 1287 1335 Ern.
1320 1268 1405 1356 Aug.

130 1377 133 1384 '
182 1373 338 1461 Schmidt,
354 1365 511 1461 Beitrltgc
530 1395 586 1443 aur
600 1374 795 1443 Gcschiolrte
809 1374 869 1443 der
882 1375 1087 1442 Grammatik
1100 1374 1160 1444 des
1174 1375 1405 1445 Gricchisolren

181 1480 247 1548 und
279 1480 338 1549 des
373 1481 601 1550 Lateinisclren
634 1481 740 1564 (Halia
776 1485 874 1566 1859)
906 1502 939 1570 p.
967 1485 1068 1568 disq.
1100 1489 1134 1550 et
1164 1483 1204 1550 Η.
1234 1483 1404 1571 Steinthal,

180 1587 375 1657 Geschiclrto
398 1589 457 1657 der
478 1589 834 1676 Spraohvvisscnschalt
856 1589 889 1656 Π
911 1611 945 1676 p.
963 1590 1035 1659 195.
1081 1589 1197 1675 ltaque
1219 1591 1404 1660 accuratius

180 1694 223 1764 dc'
245 1696 296 1764 his
319 1697 502 1764 nominibus
526 1695 765 1785 disputabimus
789 1717 963 1782 eorumque
986 1716 1079 1765 usum
1101 1706 1201 1783 atqua
1223 1698 1402 1786 historiam,

181 1803 266 1889 ¹qnod
290 1804 420 1890 quidem
443 1803 514 1872 fieri
536 1805 650 1892 possit,
675 1825 885 1892 exponemus.

269 1912 304 1980 Si
339 1911 588 1999 perlustraveris
633 1919 778 1981 vetorum
822 1913 939 1999 libros,
985 1913 1041 1997 qui
1076 1919 1217 1981 aetatem
1253 1913 1404 2001 tulerunt,

180 2035 359 2105 cognosces
382 2039 454 2088 eam
476 2021 637 2089 vocalium
661 2025 741 2082 All
767 2020 1021 2107 appellationem
1049 2040 1124 2088 esse
1145 2020 1404 2106 antiquissimam

179 2148 275 2222 qnam
303 2127 348 2194 ad
376 2127 601 2197 recentissima
627 2135 774 2216 tempora
802 2147 905 2213 usquc
933 2127 1136 2212 grammatici
1159 2128 1349 2213 metrioique
1370 2129 1404 2196 in

179 2236 306 2305 deliciis
337 2221 526 2317 habuerunt,
559 2237 632 2305 dico
665 2236 917 2325 appellationem
944 2237 1105 2326 δίχρονα.
1151 2237 1294 2304 Primum
1322 2236 1405 2304 haec

177 2365 242 2412 vox
264 2345 425 2413 invenitur
446 2345 480 2412 in
503 2344 686 2432 Dionysii
704 2345 875 2412 Thracis
895 2351 965 2412 arte
980 2344 1193 2429 grammatica
1205 2345 1224 2430 ς
1238 2348 1260 2414 6
1274 2345 1319 2431 (p.
1334 2347 1403 2431 9,ί

179 2451 231 2522 cd.
253 2451 341 2534 ull.)
366 2457 476 2520 τοίντων
492 2459 652 2542 'perelecta
675 2459 729 2542 pta
752 2452 827 2520 ὲοαν
849 2451 941 2519 ἑπτά·
971 2456 1191 2512 ΑΕΗΙΟΥΩ.
1246 2459 1404 2541 φωνήεντα
1543 2533 1547 2544 Ι

178 2561 209 2626 δὲ
245 2563 369 2645 λέγεται,
406 2558 450 2627 ὅτι
486 2565 588 2650 φωνὴν
623 2559 674 2651 ἀρ’
711 2559 822 2628 ἑαυτῶν
858 2558 1008 2627 ἀποτελεῖ.
1067 2571 1127 2627 τῶν
1162 2562 1194 2627 δὲ
1228 2565 1403 2649 φωνηέντων

178 2670 298 2756 μάαρᾰ
321 2666 457 2757 pmcn
479 2670 541 2749 cto,
566 2674 590 2730 H
609 2672 661 2737 καί
684 2674 715 2749 lt,
740 2671 880 2757 βραχέα
897 2670 960 2747 dic,
985 2670 1083 2733 Εααί
1105 2672 1135 2753 0,
1158 2668 1401 2755 δίχρονατρία,

177 2780 264 2836 ΑΙΥ.
309 2778 432 2864 δίχρονα
455 2778 486 2842 δὲ
507 2779 637 2861 λέγεται,
663 2776 727 2843 ἐπεὶ
749 2776 913 2843 ἐκτείνεται
934 2780 988 2841 καί
1010 2776 1209 2841 mammaea

265 2882 367 2949 lirant
393 2902 472 2967 ergo
499 2876 584 2951 teste
612 2882 771 2969 Dionysio
787 2872 834 2949 ‘in
855 2902 918 2950 usu
941 2900 1050 2949 corum
1074 2880 1129 2966 qni
1152 2881 1280 2950 Graece
1301 2882 1401 2950 locuti

176 2995 262 3076 sunt,
286 2988 350 3057 dno
373 2988 445 3057 soni
467 2991 600 3058 vocales
622 2997 739 3057 natura
762 2988 797 3077 (i.
813 3010 841 3056 e.
857 2992 997 3076 semper)
1011 2988 1101 3076 longi
1125 2992 1218 3075 (Hit),
1240 2988 1306 3058 duo
1328 2990 1401 3059 soni

176 3096 307 3166 vocales
329 3098 479 3182 natura¹)
501 3096 536 3185 (i.
552 3119 581 3167 e.
600 3102 743 3184 semper)
765 3097 883 3164 breves
906 3098 997 3181 (EO),
1019 3102 1087 3163 tros
1109 3095 1182 3163 soni
1203 3096 1321 3181 (Ait),
1344 3098 1402 3184 qui

175 3204 222 3271 ita
253 3204 453 3292 pronuntiari
484 3212 645 3291 poterant,
681 3211 718 3272 ut
748 3210 805 3272 ant
836 3202 923 3271 idem
955 3204 1101 3272 valerent
1132 3210 1231 3288 atque
1266 3204 1399 3274 vocales

174 3318 293 3379 natura
328 3312 446 3398 longae
479 3318 536 3373 Htl
573 3312 607 3395 (i.
637 3331 664 3379 e.
698 3312 889 3394 ἐντείνονται)
926 3318 984 3378 aut
1019 3309 1106 3377 idem
1137 3316 1237 3397 atque
1267 3312 1400 3380 vocales

176 3426 292 3486 natura
313 3420 429 3488 breves
453 3424 505 3479 ΕΟ
528 3421 562 3503 (i.
580 3439 607 3487 e.
623 3416 889 3506 moetilovvat).¹)
918 3416 1017 3496 Quae
1039 3416 1199 3485 vocabula
1222 3418 1400 3505 Dionysius

176 3525 219 3592 ad
251 3526 364 3595 harum
396 3526 557 3593 vocalium
588 3533 737 3593 naturam
770 3525 998 3613 explicandam
1025 3524 1231 3611 excitaverit,
1261 3526 1400 3595 relatum

176 3652 239 3701 non
261 3632 433 3719 habemus;
458 3633 606 3719 equidem
629 3654 693 3701 non
717 3632 839 3719 dubito,
863 3632 941 3719 quin
960 3632 1002 3701 dc
1015 3632 1176 3700 vocalium
1190 3637 1268 3695 ΑΙΥ
1282 3642 1400 3703 natura

175 3742 251 3810 olim
282 3741 431 3830 pluribus
463 3742 572 3810 verbis
603 3740 805 3829 disputatum
838 3740 882 3808 sit
912 3740 946 3807 in
977 3739 1119 3825 genuina
1149 3740 1302 3828 Dionysii
1329 3750 1401 3812 arte

175 3849 388 3935 grammatica
411 3850 524 3916 autin
547 3847 667 3917 scholis
690 3848 820 3933 saltem,
849 3867 932 3933 quas
959 3846 1137 3932 Dionysius
1165 3846 1207 3915 de
1232 3868 1268 3916 re
1294 3869 1400 3934 gram·

173 3957 294 4025 matioa
324 3955 448 4025 habuit
503 3956 588 4025 Nam
621 3956 764 4043 exceptis
797 3956 846 4022 eis
878 3953 986 4023 verbis
1017 3974 1103 4041 quae
1129 3953 1268 4040 legimns
1295 3956 1331 4024 in
1357 3978 1399 4026 oa

144 4064 397 4151 ·Dionysianae
428 4062 509 4130 artis
540 4062 644 4130 forma
675 4082 772 4148 quarn
803 4068 1051 4149 repraesentant
1088 4060 1234 4143 codices,
1272 4062 1400 4133 videtur

173 4171 251 4239 mihi
279 4170 508 4257 grammaticus
536 4170 590 4237 ille
619 4170 742 4239 diserte
770 4169 921 4239 docuisse
948 4176 1096 4238 naturam
1127 4168 1289 4237 vocalium
1320 4178 1399 4233 All·

175 4300 250 4349 esse
272 4279 381 4365 talem,
403 4285 438 4345 ut
460 4296 518 4347 eas
541 4277 574 4345 iu
597 4276 793 4364 quibusdam
815 4277 983 4347 vocabulis
997 4274 1093 4345 modo
1109 4275 1288 4363 producere
1300 4277 1397 4346 modo

264 4492 286 4561 1)
308 4494 347 4550 Of.
372 4492 535 4564 Dionysium
558 4493 692 4549 'l'lvracem
719 4511 746 4563 p.
766 4492 844 4559 1c,o
868 4490 979 4563 βραχοία
1005 4487 1124 4564 συλλαβὴ
1145 4488 1338 4563 χίντοαο...ίτ’
1365 4490 1397 4544 ἂν

172 4578 222 4655 ίχῃ
240 4582 266 4637 ἲν
283 4600 306 4636 τι
322 4588 373 4636 τῶν
394 4580 482 4655 picta
504 4581 657 4655 βραχίων,
680 4573 732 4635 οἷον
751 4580 872 4655 βρίρος.
1066 4608 1070 4613 ·

263 4671 286 4741 ³)
303 4674 344 4731 (li.
363 4689 435 4743 quae
452 4672 510 4727 dixi
528 4674 636 4745 pesq.

1217 4774 1236 4834 2
