3459 5200
141 768 248 829 metra
277 784 361 848 quae
388 764 595 847 Hephaestio
630 762 663 843 ἐξ
691 762 806 850 ὁμοίων
833 766 981 844 vocavit,
1016 767 1104 832 inter
1133 768 1307 849 rhythmos

139 869 292 951 ablegata
318 872 424 947 erant,
453 869 531 951 quia
559 873 714 933 carerent
743 869 844 934 certis
874 869 1030 934 clausulis
1065 866 1307 954 (καταλήξεσιν),

139 972 259 1055 quibus
288 971 411 1036 additis
433 976 541 1037 metra
564 993 584 1036 a
606 973 771 1055 rhythmis
800 972 969 1055 segregari
999 973 1103 1039 Varro
1132 974 1306 1050 docuerat;

139 1076 180 1139 ct'.
203 1076 392 1140 Wilmanns
415 1076 437 1139 l.
460 1094 489 1139 c.
518 1095 550 1158 p.
575 1076 636 1140 196
662 1076 702 1140 ir.
725 1076 777 1141 66.
822 1076 1028 1159 Hephaestio
1057 1078 1173 1142 maluit
1201 1082 1307 1161 syste-

138 1182 264 1244 matum
298 1180 332 1243 in
365 1180 504 1244 modum
535 1177 751 1264 περιορισμούς
784 1180 931 1261 impares
962 1184 1123 1259 statuere,
1152 1182 1207 1264 qui
1242 1182 1306 1264 ipsi

138 1284 372 1348 clauderentur
392 1284 544 1348 dimetris
566 1283 791 1366 anapaesticis
807 1284 1027 1363 catalecticis,
1050 1304 1135 1371 quae
1156 1304 1187 1369 p.
1204 1284 1305 1351 XXIV

139 1389 180 1451 10
200 1381 385 1470 καταλήξεις
407 1388 595 1470 appellavit.

221 1490 359 1555 Praeter
374 1510 433 1555 eos
450 1492 491 1556 de
507 1492 627 1575 quibus
644 1492 712 1556 dixi
728 1492 821 1557 locos
836 1492 966 1557 metrici
982 1493 1077 1557 latini
1094 1492 1135 1557 de
1152 1492 1306 1559 doctrina

135 1594 208 1677 περὶ
228 1589 400 1676 ποιήματος
422 1594 507 1659 nihil
530 1594 599 1660 fere
621 1595 794 1676 praebent.
828 1594 1027 1662 Diomedem
1041 1616 1073 1678 p.
1089 1597 1162 1675 485,
1181 1593 1304 1660 18-39

135 1696 202 1761 iam
226 1696 495 1776 commemoravi,
520 1717 561 1761 ex
583 1698 683 1762 Mallii
706 1698 878 1763 Theodori
901 1699 1012 1763 verbis
1036 1719 1066 1782 p.
1089 1700 1303 1778 600,17-33

135 1799 290 1878 „diversa
310 1820 391 1866 vero
414 1800 502 1866 inter
525 1819 561 1865 se
585 1806 692 1865 metra
713 1820 816 1883 posse
843 1802 1001 1884 coniungi
1024 1802 1202 1884 lyricorum
1223 1822 1304 1885 poe-

133 1908 244 1969 tarum
266 1905 433 1987 permulta
461 1910 492 1968 et
520 1922 640 1985 graeca
667 1907 701 1968 et
729 1904 833 1969 latina
862 1905 989 1986 scripta
1018 1905 1210 1971 declarant“
1239 1906 1304 1971 hoc

134 2008 245 2072 solum
273 2008 469 2091 colligimus,
491 2006 643 2090 pluribus
678 2008 718 2071 de
747 2008 810 2072 hac
839 2027 875 2072 re
904 2009 947 2072 ab
975 2009 1047 2073 eius
1073 2012 1211 2074 auctore
1234 2010 1302 2074 dis·

131 2115 286 2195 putatum
319 2112 434 2177 fuisse.
489 2111 689 2193 Perstringit
728 2111 917 2177 doctrinam
951 2113 1130 2177 Diomedes
1164 2133 1195 2194 p.
1230 2113 1302 2192 501,

132 2217 293 2293 39-503,
322 2217 353 2294 5,
380 2216 438 2280 uhi
462 2236 521 2281 sex
551 2215 692 2295 „modos
719 2210 898 2299 (τρόπουςῗ)
921 2217 1100 2281 metricos“
1130 2222 1305 2282 enumerat

131 2322 214 2384 hos:
246 2318 330 2383 κατὰ
359 2318 467 2403 στίχον
495 2318 700 2383 definitivum
733 2320 785 2383 vel
811 2319 1042 2402 principalem,
1074 2316 1303 2406 συστηματικῶν

132 2423 375 2506 compositum,
409 2415 621 2507 ἀσυνοίρτγτον
654 2422 928 2506 incompositum,
962 2423 1194 2510 συγκεχυμένον
1221 2443 1302 2493 con-

130 2528 260 2604 fusum,
294 2524 533 2611 συνεζευγμένον
570 2524 803 2604 coniunctum,
844 2522 1036 2612 παραγυγόν
1072 2528 1301 2593 derivativum.

128 2631 230 2697 Nulla
252 2631 476 2713 explicatione
499 2635 573 2712 eget
595 2630 715 2694 modus
740 2630 929 2695 definitivus
954 2651 1061 2716 neque
1091 2635 1198 2698 metra
1221 2651 1301 2697 con·

130 2735 237 2816 iusa¹)
270 2733 498 2799 difficultatem
531 2737 676 2798 movent.
731 2733 800 2799 Sed
834 2731 1052 2820 συστηματιποὶ
1078 2739 1151 2801 toto
1180 2755 1301 2818 genera

127 2840 264 2904 diversa
287 2837 428 2901 suntab
452 2837 500 2901 eis
524 2836 643 2919 quihus
665 2836 873 2920 Hephaestio
897 2842 996 2920 atque
1019 2839 1211 2904 Victorinus
1235 2840 1299 2904 hoc

127 2959 257 3007 nornen
282 2941 481 3006 tribuerunt.
535 2941 641 3004 lmmo
671 2941 796 3023 optime
828 2942 1040 3008 illustrantur
1072 2939 1299 3028 συστηματικοί,

127 3039 343 3130 ἇωνοὶρττγτα,
370 3043 597 3129 συνεζευγμένα
624 3045 784 3109 Aristidis
819 3044 1017 3123 Quintiliani
1046 3047 1158 3112 verbis
1186 3068 1218 3130 p.
1246 3048 1298 3126 36,

125 3149 252 3214 9-13ε
289 3147 405 3233 γίνεται
438 3148 473 3211 δὲ
506 3148 544 3211 ἐκ
570 3143 685 3212 τούτων
712 3148 773 3213 τῶν
801 3143 902 3212 αὐτῶν
929 3151 983 3234 μὲν
1016 3148 1299 3236 διπλασιαζομένων

126 3251 250 3337 μέτρων
271 3249 419 3334 σύνθετα,
442 3251 501 3315 τῶν
524 3251 550 3314 δ’
572 3242 724 3335 ἀνομοίων
747 3248 959 3336 ἀσυνάρτητα·
988 3249 1104 3317 τούτων
1126 3251 1222 3318 δὲτὰ
1244 3256 1299 3340 μὲν

125 3357 168 3420 ἐκ
191 3356 273 3420 δυεῖν
294 3353 413 3440 μέτρων
434 3354 467 3420 ἓν
488 3351 637 3418 ἀποτελεῖ
655 3353 768 3436 κῶλον,
796 3354 835 3420 τὰ
864 3355 900 3420 δέ
928 3355 966 3419 ἐκ
988 3355 1099 3441 μέτρου
1125 3357 1181 3421 καὶ
1201 3360 1299 3443 τομῆς

124 3458 149 3543 ἦ
175 3457 288 3542 μέτρου
310 3459 366 3521 καὶ
386 3458 488 3543 τομῶν
510 3456 532 3542 il
559 3458 597 3521 ἐκ
625 3463 733 3522 πασῶν
761 3459 863 3544 τομῶν
888 3457 911 3543 ἦ
940 3457 1092 3525 ἀνάπαλιν
1119 3462 1216 3547 τομῆς
1244 3465 1298 3528 καὶ

123 3562 243 3650 μέτρου
265 3555 287 3645 ἦ
308 3560 411 3646 τομῶν
433 3564 486 3626 καὶ
509 3561 631 3648 μέτρου,
655 3563 696 3626 de
723 3563 843 3645 quibus
873 3564 1088 3647 sagacissime
1117 3566 1298 3648 disputavit

123 3669 255 3734 Caesar
277 3664 312 3729 in
335 3666 403 3730 ind.
419 3667 495 3730 lect.
511 3670 593 3730 aest.
616 3667 780 3749 Marburg.
800 3667 882 3732 1864
901 3688 932 3749 p.
949 3667 1017 3732 Vlll
1036 3688 1122 3751 sqq.;
1139 3669 1179 3732 ci.
1196 3669 1297 3735 etiam

121 3771 291 3837 Thacom.
309 3770 398 3853 apud
408 3768 491 3834 Vict.
508 3790 540 3852 p.
559 3771 629 3848 103,
644 3772 778 3849 10-13,
795 3791 859 3854 quo
877 3771 1009 3835 deloco
1025 3771 1296 3853 egitSchultzius

119 3895 157 3958 p.
182 3875 224 3938 33
248 3894 307 3956 sq,
341 3877 376 3938 et
397 3875 479 3938 Vict.
508 3893 540 3956 p.
569 3874 620 3952 53,
646 3875 685 3939 13
708 3895 780 3959 sqq.
812 3875 881 3953 114,
911 3874 949 3939 15
974 3894 1046 3957 sqq.
1077 3877 1147 3954 148,
1175 3878 1216 3941 39
1245 3899 1295 3960 sq.

120 3979 228 4060 Ergo,
242 3980 280 4041 ut
293 3976 452 4041 Aristidis
467 3977 579 4041 verbis
597 3981 681 4056 utar,
705 3998 789 4060 quae
812 3978 901 4061 apud
915 3978 1112 4044 Diomedem
1134 3985 1296 4046 vocantur

217 4183 236 4255 ¹)
255 4185 295 4238 01.
308 4185 456 4253 praecipue
468 4185 555 4239 schol.
564 4185 654 4253 Heph.
664 4203 690 4254 p.
700 4187 759 4247 313,
769 4187 869 4249 5-13;
888 4187 932 4239 Ar.
947 4186 1038 4253 Quint
1052 4203 1077 4254 p.
1091 4188 1133 4249 36,
1143 4187 1255 4251 33-37,
1265 4191 1295 4252 5;

117 4272 215 4327 schol.
233 4273 362 4340 Hermog.
381 4273 410 4326 in
429 4275 498 4327 rhet.
517 4273 700 4340 31111937,
721 4275 733 4326 1
755 4289 796 4341 sq.
815 4295 848 4321 =
869 4274 1009 4338 1147311
1030 4291 1070 4343 sq.
1090 4274 1127 4342 (et
1139 4275 1296 4330 Ps.·Castor

117 4362 169 4414 ed.
195 4361 380 4423 studemund‚
403 4360 512 4413 Vratisl.
541 4361 616 4424 1888,
643 4378 669 4429 p.
696 4362 736 4423 13,
760 4361 797 4430 7);
821 4360 889 4415 Vict.
914 4379 940 4430 p.
966 4363 1023 4424 103,
1043 4363 1083 4415 19.
1104 4363 1160 4425 105,
1180 4363 1212 4415 37
1232 4379 1294 4432 sqq.

118 4449 186 4510 106,
207 4448 239 4500 15
257 4463 333 4515 sqq.;
352 4447 420 4500 Iuba
437 4449 510 4515 apud
529 4447 660 4502 Priscian.
675 4448 719 4502 GL
732 4449 769 4501 Ill
786 4449 963 4517 431,1ε(γ(γ.;
985 4449 1102 4502 Sisenna
1116 4451 1190 4517 apud
1201 4450 1293 4504 Rufin.

114 4537 185 4596 56¹.
203 4536 229 4596 9,
247 4534 295 4588 uhi
313 4551 363 4603 pro
382 4535 527 4600 ‚‚concisa“
552 4537 670 4589 correxit
693 4538 844 4599 „confusa“
866 4536 1001 4604 Bergkius
1025 4537 1053 4592 in
1075 4535 1212 4605 Philolog.
1233 4538 1294 4593 XVI

114 4641 147 4692 p.
171 4623 223 4675 643
241 4622 305 4676 adn·
324 4623 370 4687 37;
389 4621 481 4677 Christ
497 4621 607 4676 hletrilr²
624 4640 651 4691 p.
670 4625 716 4687 99;
736 4623 847 4677 Schultz
865 4641 892 4692 p.
912 4625 945 4677 33
964 4639 1005 4692 sq.
