3459 5200
865 369 1078 468 „El-n.

359 569 483 633 11111111
507 584 634 633 suorum
659 563 795 650 quisque
818 567 988 652 pignorum
1010 565 1193 652 proderent.
1222 565 1303 632 hun.
1326 562 1370 630 IV
1385 569 1437 633 64.
1453 567 1488 632 1;
1514 563 1587 632 sine

360 674 535 740 ambitione
558 682 615 739 aut
637 674 850 759 proximorum
873 674 1023 758 precibus
1046 678 1164 755 {quotes
1187 676 1277 737 etium
1300 681 1334 738 et
1356 674 1439 738 ultro
1460 675 1587 741 accitos

359 781 578 848 munificentia
602 782 735 848 iuverat.

450 889 481 953 S.
505 889 546 954 de
570 888 619 952 ira.
641 888 657 950 l
681 889 710 953 5.
730 892 765 954 2:
803 887 899 952 horno
924 886 956 952 iu
979 887 1171 952 adiutorium
1196 894 1338 951 mutuum
1362 888 1492 970 genitus
1525 897 1586 973 est,

359 997 408 1061 ira
431 996 463 1060 in
488 995 634 1077 exitium,
658 993 710 1060 hic
735 995 927 1078 congregari
949 995 1025 1077 vult,
1054 995 1111 1058 illa
1135 993 1317 1078 discedere,
1340 993 1393 1060 hie
1416 995 1584 1080 prodesse,

360 1104 416 1168 illa
439 1123 564 1186 1111111,
579 1102 631 1167 hic
646 1106 736 1167 etium
750 1105 859 1185 1111111
875 1122 1068 1185 succurrere,
1090 1101 1146 1165 illa
1161 1102 1259 1165 etiam
1273 1104 1448 1166 curiasirnos
1463 1110 1585 1187 petere.

447 1247 484 1310 T.
509 1247 590 1310 Anu.
612 1245 689 1309 XVI
716 1247 767 1312 13.
792 1247 847 1310 15:
872 1250 970 1309 octute
992 1253 1045 1308 (rut
1067 1246 1238 1308 ualetudine
1254 1248 1345 1326 ferum.

448 1353 479 1417 8.
503 1351 544 1417 de
568 1353 617 1416 ira
640 1352 689 1415 ΙΙΙ
713 1354 743 1418 9.
758 1355 790 1418 4:
813 1354 984 1416 orrlchuh'nc
1007 1360 1060 1415 uct
1082 1359 1180 1415 111111
1195 1354 1286 1433 scusi.

446 1497 482 1561 T.
506 1495 586 1560 Ana.
610 1494 685 1558 XVI
713 1496 762 1560 17.
791 1496 842 1560 17:
868 1501 1041 1576 quactum
1065 1492 1304 1579 promptissima
1326 1499 1434 1559 auratis
1456 1499 1515 1559 eiu

447 1603 479 1666 S.
502 1602 562 1686 Ep.
589 1604 661 1668 111.
687 1603 743 1666 23:
769 1601 877 1664 onmia
901 1602 964 1666 ista
988 1606 1054 1664 tam
1078 1621 1198 1664 causae
1226 1601 1356 1666 vivendi
1384 1610 1459 1666 sunt
1486 1623 1585 1685 quam

356 1713 423 1773 cirre
444 1703 565 1774 rnortr‘s.¹

446 1835 484 1901 T.
509 1833 590 1897 Arm.
614 1832 691 1896 XVI
715 1834 767 1898 28.
792 1833 827 1897 5:
853 1831 1029 1897 Paconium
1053 1833 1274 1917 Agrippinum,
1291 1837 1418 1916 poterut
1440 1833 1472 1897 in
1497 1835 1585 1918 prin-

357 1941 446 2025 cipes
469 1942 700 2005 adlabentem.

446 2047 477 2115 S.
502 2046 543 2111 dc
567 2047 616 2111 ira
640 2047 671 2110 Il
695 2049 747 2112 34.
765 2049 797 2112 3:
816 2045 896 2110 nihil
921 2052 970 2110 ost
994 2046 1134 2128 iniquius
1158 2067 1255 2128 quam
1279 2045 1419 2129 aliquem
1442 2049 1584 2111 1111111111

352 2159 477 2239 potmna'
509 2157 571 2220 odii
603 2153 683 2218 ficri.
721 2190 764 2200 —
801 2153 848 2217 Eo
882 2153 965 2216 inter
997 2173 1032 2217 sc
1065 2152 1216 2217 differunt
1253 2153 1283 2216 hi
1321 2154 1397 2237 loci,
1431 2152 1517 2237 qnod
1551 2154 1584 2217 in

356 2264 532 2326 Annaeano
574 2263 677 2326 orl-ium
720 2260 886 2345 passivum
928 2260 1028 2324 habet
1065 2279 1204 2324 sonsum.
1247 2260 1329 2325 conf.
1373 2261 1464 2324 Corn.
1501 2261 1583 2345 Nep.

357 2369 460 2434 Hann.
487 2372 513 2436 1.
538 2371 571 2433 3:
596 2367 656 2432 llio
688 2375 794 2432 autem
824 2364 883 2452 (so.
907 2365 1084 2452 Hannibal)
1111 2367 1200 2431 11111
1227 2366 1408 2432 hereditate
1435 2367 1582 2431 relictum

357 2475 464 2540 odium
488 2481 656 2559 paternum
681 2495 760 2556 erga
783 2475 946 2539 Romanos
970 2473 1018 2538 sic
1042 2473 1253 2552 conservavit,
1269 2481 1305 2538 ut
1326 2475 1416 2558 prius
1439 2474 1582 2537 animam

356 2604 451 2666 quam
476 2581 508 2647 id
533 2581 728 2666 deposuerit.

445 2708 513 2771 lam
539 2728 587 2791 ea,
612 2727 695 2788 qnae
719 2713 787 2770 tota
811 2706 1002 2788 quaestione
1026 2705 1142 2771 effecta
1166 2712 1248 2789 sunt,
1274 2706 1412 2771 breviter
1439 2726 1582 2791 compre-

355 2814 543 2881 hendamus.
591 2814 697 2877 Taciti
722 2812 894 2897 ingenium,
918 2814 1015 2895 quale
1039 2835 1078 2879 ex
1107 2814 1258 2898 operibus
1286 2813 1329 2877 ad
1357 2821 1501 2878 nostram
1530 2834 1583 2878 us-

355 2942 417 3006 que
454 2922 639 2987 memoriam
678 2920 815 2987 servatis
854 2922 1065 3005 intellegitur,
1102 2922 1205 2986 trihus
1242 2922 1359 2987 officiis
1393 2922 1582 3004 continetur,

354 3032 500 3116 oratoris,
529 3030 683 3113 historici,
716 3028 909 3114 philosophi.
956 3028 1158 3111 Quamquam
1191 3030 1354 3114 proprium
1386 3050 1425 3093 ae
1457 3030 1582 3114 praeci-

354 3156 450 3223 puum
474 3157 588 3202 munus
618 3136 786 3222 profitetur
814 3117 968 3221 historici,
997 3142 1103 3200 tamen
1132 3135 1258 3200 illorum
1287 3142 1463 3220 temporum
1492 3158 1581 3200 more

356 3244 482 3325 studiis,
508 3265 592 3327 quae
617 3243 659 3308 ad
685 3242 901 3325 eloquentiam
925 3248 957 3306 11
981 3242 1024 3305 ad
1053 3242 1289 3326 philosophiam
1317 3243 1488 3327 pertinent,
1517 3265 1579 3307 non

355 3352 529 3417 abstinuit:
571 3352 694 3415 illorum
733 3349 889 3413 habemus
925 3349 1050 3413 illustre
1083 3349 1307 3439 documentum
1340 3349 1504 3433 dialogum
1539 3350 1581 3416 de

355 3460 547 3542 oratoribus,
567 3458 678 3521 horum
704 3476 774 3520 eam
799 3454 1025 3540 philosophiae
1050 3455 1239 3535 doctrinam,
1255 3477 1339 3539 quae
1362 3457 1580 3523 in‘historieis

353 3566 444 3631 libris
486 3564 745 3649 deprehenditur.
803 3562 1054 3648 Historicorum,
1092 3585 1173 3646 quos
1210 3564 1401 3648 imitaretur,
1445 3566 1580 3631 Tacitus

355 3672 416 3738 sibi
442 3673 540 3754 elegit
565 3671 750 3735 Sallustium
777 3677 808 3735 et
831 3669 971 3753 Livium,
1001 3670 1154 3735 admixtis
1178 3671 1370 3753 quibusdam
1394 3670 1538 3736 flosculis
1562 3692 1579 3736 1

354 3780 488 3863 Vergilii
522 3778 730 3861 carminibis,
766 3785 928 3843 oratorum
958 3779 1156 3862 Ciceronem,
1189 3778 1452 3863 philosophorum
1481 3779 1580 3844 81111-

354 3908 434 3952 cam.
481 3887 625 3951 Senecae
649 3892 756 3949 autem
780 3885 918 3949 imitatio
938 3885 1011 3950 ideo
1035 3886 1205 3969 plurimum
1228 3887 1325 3969 valet,
1349 3886 1426 3968 quia
1444 3886 1579 3951 Tacitus

353 4016 415 4059 non
441 4001 506 4058 tam
531 4013 639 4059 morae
663 3991 814 4058 dictionis
843 4013 940 4076 quam
968 3991 1194 4076 philosophiae
1217 3993 1416 4057 Annaeanae
1443 3992 1579 4057 forrnam

353 4103 398 4166 ita
424 4102 455 4165 in
479 4121 568 4166 usum
594 4121 686 4167 suum
711 4100 878 4183 convertit,
901 4106 1022 4163 utnon
1047 4098 1148 4164 solum
1178 4120 1316 4184 sensum,
1343 4120 1452 4165 rerum
1481 4100 1579 4165 etiam

353 4208 460 4274 stilum
498 4208 610 4272 horum
643 4208 871 4293 philosophiae
903 4213 1147 4291 praeceptorum
1181 4206 1337 4271 imitando
1371 4207 1578 4293 exprimeret:

352 4316 543 4399 ubicumque
566 4316 665 4398 igitur
688 4314 935 4399 philosophatur
958 4315 1102 4398 Tacitus,
1126 4315 1169 4379 ibi
1195 4315 1353 4379 Senecam
1377 4315 1579 4399 expressisse

352 4423 516 4508 putandus
550 4430 609 4488 cst.
665 4422 817 4486 Attamen
851 4441 973 4485 meram
1006 4422 1150 4487 Senecae
1187 4420 1360 4485 dictionem
1397 4442 1461 4487 nou
1493 4421 1578 4486 adeo

352 4538 544 4616 aspernatus
569 4537 631 4613 est,
656 4536 689 4593 ut
713 4549 776 4593 non
800 4528 916 4613 multa,
945 4550 1028 4611 quae
1052 4528 1231 4593 imitatione
1255 4528 1355 4610 digna
1379 4529 1577 4612 agnovisset,

351 4640 412 4703 sibi
437 4636 594 4702 imitanda
619 4636 763 4718 eligeret.
810 4636 844 4701 81
873 4636 1013 4720 vestigia
1043 4636 1188 4700 Senecae
1220 4642 1253 4701 et
1284 4636 1510 4722 philosophiae
1544 4644 1577 4701 et
