3459 5200
901 498 1102 596 „HL

419 708 617 791 praesertim
639 708 763 790 placita
785 706 843 771 illa
864 706 1049 772 Ptolemaei
1071 706 1108 770 in
1130 705 1284 788 plurimis
1308 704 1594 788 explicationibus

420 811 642 877 adnectantur
659 811 852 876 hulusmodi
869 809 1096 875 locuti0nibus
1108 810 1200 874 velut
1211 803 1446 895 ὠνομάσθησαν
1461 808 1498 871 δὲ
1512 804 1595 871 orico

420 914 488 979 κτλ.
500 915 598 997 (rhet.
611 935 659 997 gr.
672 915 771 980 vam
781 915 884 998 adn).
915 913 1109 981 Carminum
1124 912 1207 977 κατὰ
1221 909 1396 997 περικοπὴν
1408 911 1595 977 divisiones

420 1041 453 1102 p.
469 1018 521 1096 59,
537 1018 642 1082 8-13
664 1019 791 1083 bonam
814 1018 1038 1083 eruditionem
1062 1016 1215 1082 redolent
1237 1020 1272 1081 at
1293 1020 1412 1081 notatu
1435 1015 1596 1099 dignissi-

421 1141 513 1187 mum
536 1125 589 1186 est
611 1121 669 1186 illa
691 1141 775 1205 quae
799 1120 888 1206 apud
909 1120 1197 1205 Hephaestionem
1219 1120 1345 1185 trustra
1368 1120 1596 1203 quaesivimus

422 1226 610 1291 carminum
632 1244 757 1307 genera
777 1226 837 1290 ΑΑ
852 1226 908 1289 ΒΒ
932 1274 940 1289 .
957 1274 964 1289 .
982 1276 990 1289 .
1014 1228 1047 1290 01
1068 1226 1128 1289 ΑΑ
1143 1224 1198 1289 BB
1215 1224 1250 1302 C,
1273 1224 1362 1307 apud
1384 1224 1597 1289 Victorinum

421 1329 546 1395 diserte
558 1328 816 1393 commemorari
828 1330 1171 1411 eorumquealterum,
1186 1328 1215 1392 si
1228 1326 1429 1393 modorecte
1441 1327 1597 1392 lacunam

421 1454 454 1515 p.
476 1432 527 1509 59,
551 1434 591 1496 18
618 1432 779 1515 supplevi,
806 1432 908 1497 etiam
932 1435 1023 1497 certo
1047 1430 1129 1497 artis
1153 1430 1291 1497 nomine
1314 1430 1411 1497 affici.
1456 1428 1599 1515 Mscprad

421 1534 545 1599 ἄτακτα
566 1554 587 1599 a
608 1534 758 1599 metricis
782 1534 897 1599 latinis
921 1553 991 1598 non
1012 1537 1327 1599 commemorantur.
1372 1532 1488 1617 Neque
1506 1534 1598 1599 enim

423 1637 467 1720 ad
502 1658 561 1703 eos
594 1637 809 1722 pertinebant
842 1638 923 1703 talia
957 1637 1198 1721 epigrammata
1232 1636 1329 1721 quale
1362 1638 1598 1705 Simonideum

422 1740 505 1807 illud
537 1741 580 1805 ab
609 1740 862 1824 Hephaestione
896 1762 928 1824 p.
957 1742 985 1805 V
1009 1742 1036 1805 1.
1059 1740 1130 1805 XIII
1156 1743 1170 1805 1
1201 1740 1391 1807 excitatum.
1436 1742 1598 1825 Margitae

424 1844 619 1910 testimonio
648 1845 911 1910 Fortunatianus
940 1866 971 1928 p.
1001 1846 1031 1923 8,
1063 1846 1101 1908 16
1131 1865 1203 1929 sqq.
1238 1845 1460 1928 comprobare
1492 1846 1599 1910 voluit

423 1948 605 2014 iambicum
639 1949 810 2014 senarium
847 1948 914 2012 ianr
946 1948 1094 2012 Homero
1130 1948 1164 2012 in
1203 1968 1267 2013 usu
1300 1948 1421 2028 fuisse,
1459 1950 1520 2015 sed
1558 1948 1600 2013 de

425 2052 585 2135 singulari
613 2052 711 2117 huius
747 2052 906 2117 carminis
940 2050 1187 2134 compositione
1221 2071 1265 2116 ne
1292 2052 1431 2117 verbum
1464 2052 1600 2135 quidem

426 2155 549 2221 emisit.
593 2154 726 2239 Reliqui
749 2156 968 2221 metricorum
990 2156 1170 2220 latinorum
1196 2155 1272 2234 loci,
1301 2154 1422 2239 quibus
1446 2156 1599 2221 11011101-

426 2260 496 2343 gita
528 2259 636 2342 agitur
669 2258 735 2341 (GL
769 2258 810 2323 VI
839 2258 891 2336 68,
923 2259 971 2323 14.
1001 2259 1052 2337 79,
1084 2258 1132 2322 11.
1165 2256 1235 2337 133,
1259 2256 1311 2337 31.Ι
1338 2258 1477 2338 63318
1501 2263 1599 2342 sqq).

426 2382 545 2429 omnes
560 2363 604 2427 ad
619 2362 883 2428 Tbacomestum
899 2361 1009 2425 redire
1024 2359 1190 2426 videntur.
1223 2362 1364 2427 Assecla
1378 2368 1453 2429 erat
1464 2362 1600 2428 Thaen-

425 2472 554 2533 mestus
577 2466 649 2531 eius
680 2466 871 2543 doctrinae,
900 2484 965 2549 qua
994 2464 1144 2530 omnium
1172 2470 1356 2531 metrorum
1379 2466 1474 2549 origo
1497 2466 1601 2533 duce·

425 2572 524 2636 batur
545 2569 588 2635 ab
612 2570 750 2637 heroico
774 2571 970 2635 hexametro
994 2573 1028 2635 et
1050 2568 1195 2636 iambico
1219 2568 1352 2635 senario
1374 2570 1534 2654 primitus
1558 2590 1601 2636 ne

426 2675 509 2757 ipsis
543 2675 678 2757 quidem
712 2675 800 2739 inter
830 2693 867 2738 se
896 2673 1080 2757 diversis¹l
1130 2675 1243 2757 ltaque
1278 2679 1471 2758 „tamquam
1497 2695 1601 2759 pares

427 2782 588 2844 numero“
622 2779 667 2861 (p.
696 2779 748 2856 68,
780 2778 832 2860 15)
865 2797 983 2842 versus
1018 2776 1094 2842 illos
1128 2778 1171 2842 ab
1203 2777 1352 2844 Homero
1389 2777 1425 2843 in
1458 2779 1601 2863 Margita

427 2883 550 2947 mixtos
574 2882 678 2946 fuisse
701 2881 800 2946 docet
821 2884 855 2945 et
876 2882 1060 2946 Homerum
1084 2881 1195 2964 ipsum
1217 2881 1289 2946 iure
1310 2882 1414 2947 totius
1437 2885 1602 2950 metricae

428 2985 627 3068 disciplinae
649 2985 778 3050 fontem
801 2989 902 3068 atque
925 2983 1089 3067 originem
1112 2983 1219 3068 dici2).
1255 2983 1370 3070 Neque
1393 2986 1546 3052 carmina
1570 2987 1603 3066 ἐξ

428 3087 542 3174 ὁμοίων
563 3087 713 3154 metricis
737 3087 851 3152 latinis
880 3092 961 3152 nota
990 3091 1084 3167 sunt,
1119 3088 1179 3152 sed
1212 3088 1312 3153 aliam
1339 3087 1376 3153 in
1403 3089 1602 3156 huiusmodi

428 3193 633 3258 carminibus
657 3191 864 3275 explicandis
889 3211 1043 3257 normam
1067 3192 1172 3257 secuti
1197 3197 1284 3257 sunt.
1329 3191 1366 3258 In
1388 3193 1603 3261 varroniana

429 3296 519 3361 enim
543 3294 731 3378 disciplina,
756 3315 831 3361 cum
852 3295 1009 3378 primitus
1032 3295 1135 3379 pedes
1160 3316 1236 3362 esse
1252 3297 1486 3363 tantummodo
1503 3297 1603 3364 bina-

430 3421 504 3466 rum
527 3404 755 3464 alternarum
778 3399 981 3482 syllabarum
1009 3405 1202 3479 censerent,
1230 3401 1360 3466 Ionicos
1387 3421 1506 3468 versus
1530 3421 1603 3467 non

428 3509 537 3568 metra
558 3522 634 3567 esse
658 3502 828 3581 dixerunt,
858 3503 919 3567 sed
947 3523 1105 3569 numeros
1135 3504 1329 3583 continuos,
1359 3505 1414 3588 qui
1439 3525 1502 3587 per
1525 3525 1603 3589 syn·

429 3607 564 3690 aphiam
594 3606 767 3683 cederent3
801 3607 841 3672 cf.
877 3608 955 3672 Ter.
988 3608 1091 3673 Maur.
1125 3629 1155 3672 v.
1188 3607 1268 3674 1511
1296 3629 1367 3692 sqq.
1402 3609 1486 3674 1056
1515 3631 1603 3694 sqq..

430 3710 513 3775 Vict.
541 3731 574 3792 p.
602 3711 653 3788 91,
681 3711 701 3773 8
728 3729 801 3793 sqq.
850 3710 900 3774 De
933 3711 1157 3794 anapaesticis
1192 3711 1417 3777 Terentianus
1450 3733 1480 3777 v.
1517 3715 1602 3778 1517

429 3814 513 3878 haec
547 3814 661 3878 docet:
696 3813 933 3896 „anapaestica
964 3815 1049 3879 fiunt
1082 3813 1198 3880 itidem
1226 3834 1287 3898 per
1313 3813 1523 3900 συνάφειαν;“
1560 3819 1603 3882 ci.

431 3917 593 3982 Tbacom.
615 3917 704 3999 apud
722 3916 845 3982 Victor.
868 3938 900 4000 p.
917 3919 969 3998 93,
990 3920 1022 3983 4.
1045 3920 1096 3984 11.
1121 3919 1192 3996 119,
1215 3919 1256 3983 13
1280 3939 1353 4003 sqq.
1378 3921 1449 3997 131,
1471 3921 1494 3985 l
1516 3943 1604 4006 sqq,
1692 3913 1693 3966 ἒ

431 4021 568 4086 Schultz
595 4039 628 4102 p.
650 4020 788 4098 18-30,
812 4021 926 4089 Christ
946 4019 1082 4087 Metrik²
1102 4043 1135 4105 p.
1156 4023 1207 4088 89.
1233 4024 1303 4087 101.
1330 4023 1399 4101 131,
1421 4023 1605 4090 Rossbach

432 4144 522 4207 spec.
544 4123 680 4188 Metrik³
701 4144 734 4207 p.
750 4125 812 4188 313
829 4145 901 4209 sqq.
936 4126 1049 4210 ltaque
1067 4124 1102 4189 in
1116 4125 1324 4192 varroniana
1341 4131 1431 4192 certe
1447 4126 1606 4194 doctrina
1691 4197 1692 4247 1

521 4367 540 4433 ¹)
559 4367 592 4420 cf.
612 4383 684 4435 quae
703 4366 759 4420 dixi
776 4383 802 4434 p.
821 4369 863 4420 90.

520 4473 543 4540 ²)
560 4472 642 4525 Haud
660 4471 718 4525 scio
737 4487 773 4524 an
792 4471 827 4524 eb
844 4471 977 4541 11111ςί1110
995 4472 1123 4534 carmine.
1143 4473 1218 4540 quod
1237 4473 1412 4528 HomerIcum
1428 4479 1606 4542 putaverunt.

433 4564 492 4614 tota
509 4565 659 4614 metrorum
676 4558 863 4614 derivatorum
882 4559 1028 4630 disciplina
1046 4559 1171 4627 prolecta
1188 4559 1231 4615 sil.
1689 4623 1690 4642 ἶ
