3459 5200
589 571 711 670 “aa

121 779 181 845 iarn
215 782 313 864 longe
346 785 425 846 ante
457 781 675 846 Heliodorum
697 782 842 864 viguisse
871 781 1075 864 intellegitur
1101 802 1142 848 ex
1164 789 1275 850 vetere

118 885 240 949 scholio
264 885 317 968 (V)
344 885 420 949 Pac.
444 885 506 949 775
535 881 569 948 τὸ
591 905 615 968 χ
637 882 713 968 πρὸς
741 882 797 968 τὴν
820 879 962 969 ἀλλαγὴν
983 891 1038 948 τοῦ
1061 884 1183 970 μέτρου,
1216 889 1273 952 uhi

114 1007 135 1068 χ
155 1007 215 1069 pro
239 988 328 1070 diple
350 1007 526 1070 perperam
550 989 711 1070 scripturn
740 1007 814 1053 esse
842 989 1013 1071 perspexit
1041 989 1081 1054 H.
1105 990 1274 1055 Schrader

114 1091 133 1153 l.
168 1111 193 1154 c.
227 1111 258 1173 p.
293 1093 344 1155 15.
378 1092 429 1155 57.
482 1092 629 1156 Omnino
663 1091 865 1157 Heliodorus
899 1113 968 1156 non
998 1113 1122 1157 novum
1144 1114 1273 1158 morem

113 1191 237 1257 fabulas
267 1195 426 1260 exarandi
456 1194 613 1276 notisque
641 1195 868 1276 distinguendi
891 1195 1031 1274 induxit,
1061 1196 1121 1260 sed
1148 1198 1271 1279 partim

111 1315 159 1374 ea,
185 1316 270 1379 quae
297 1296 363 1361 iam
392 1297 426 1361 in
454 1296 759 1362 Alexandrinorum
789 1297 993 1364 editionibus
1022 1299 1056 1362 in
1078 1319 1142 1363 usu
1165 1306 1271 1379 erant,

115 1399 246 1482 recepit,
268 1400 391 1482 partim
415 1421 463 1478 ea,
489 1421 573 1482 quae
596 1400 630 1463 in
654 1401 702 1466 eis
726 1403 767 1466 ab
783 1401 858 1465 aliis
874 1401 971 1465 aliter
986 1405 1019 1466 et
1032 1402 1161 1483 passim
1175 1425 1272 1468 usur·

111 1509 189 1583 pata
223 1508 328 1582 erant,
363 1505 397 1568 in
428 1508 552 1568 certam
575 1509 681 1568 artem
704 1504 871 1586 redegit.¹)
914 1505 1040 1568 Vereor
1071 1509 1195 1586 tamen,
1229 1527 1272 1571 ne

108 1606 264 1685 Hensius,
290 1627 364 1672 cum
387 1613 543 1672 notarum
566 1628 663 1672 usum
686 1609 728 1672 ab
752 1608 845 1672 omni
867 1612 962 1690 parte
978 1608 1042 1672 sibi
1059 1613 1270 1674 constantem

106 1710 271 1788 redderet,
306 1711 473 1775 interdum
506 1713 596 1776 velut
628 1711 664 1774 in
698 1711 802 1775 schol.
842 1711 919 1775 Pac.
954 1713 1175 1776 tuto-1316
1214 1714 1269 1794 (cf.

103 1813 269 1877 Hensium
292 1815 312 1878 l.
337 1834 364 1878 c.
386 1835 419 1896 p.
442 1815 499 1890 95;
523 1815 627 1878 schol.
651 1815 710 1896 Eq.
737 1815 871 1879 1-246.
894 1815 1097 1898 aet-1110)
1120 1835 1190 1879 non
1213 1836 1269 1881 ex·

103 1922 303 1999 cerptorem,
327 1917 388 1982 sed
409 1917 627 1982 Heliodorum
651 1917 842 1982 correxerit.

191 2020 386 2085 Carminum
428 2019 460 2098 ἐξ
501 2017 615 2104 ὁμοίων
658 2020 808 2102 singulos
849 2016 1065 2103 περιορισμούς
1108 2021 1268 2104 distingui

99 2124 245 2206 singulis
267 2124 485 2207 paragraphis
509 2124 714 2206 Hephaestio
738 2124 861 2202 docuit,
884 2144 982 2206 quem
1005 2145 1135 2188 morem
1155 2125 1269 2191 Helio-

97 2229 187 2292 doro
218 2247 349 2310 quoque
370 2227 620 2306 vindicaverim,
648 2227 781 2292 etiarnsi
810 2228 899 2292 illius
922 2228 1098 2309 vestigium
1120 2229 1157 2292 in
1180 2230 1269 2294 colo·

96 2333 224 2396 metria
252 2332 378 2396 nullum
407 2332 578 2397 remansit.
626 2331 739 2414 Neque
768 2332 857 2396 enim
887 2336 976 2396 recte
1004 2331 1150 2396 Hensius
1171 2352 1204 2414 p.
1227 2334 1268 2397 51

96 2435 135 2498 in
162 2435 267 2500 schol.
291 2435 344 2519 (V)
367 2435 427 2518 Eq.
450 2436 513 2499 498
535 2454 596 2517 pro
621 2434 709 2517 diple
726 2435 898 2500 substituit
912 2434 1044 2516 haplen.
1089 2435 1185 2517 Diple
1200 2437 1268 2500 illic

94 2540 178 2605 ideo
204 2540 314 2604 locum
337 2539 448 2618 habet,
472 2539 561 2623 quod
583 2538 794 2618 Heliodorus,
826 2559 902 2604 cum
922 2537 1071 2621 priorem
1092 2539 1268 2621 periodum

93 2643 356 2726 anapaesticam
382 2643 619 2727 προπεμπτικῆς
642 2663 781 2709 numero
808 2644 958 2721 haberet,
991 2641 1162 2727 κομμάτιον
1183 2644 1215 2708 h.
1239 2663 1267 2709 e.

89 2746 223 2809 τελείαν
250 2744 426 2832 παράβασιν
454 2748 531 2811 inde
560 2747 737 2811 demuma
765 2768 864 2811 versu
886 2748 949 2810 503
972 2746 1119 2828 incipere
1142 2746 1266 2811 diserte

91 2850 231 2914 docuit.
276 2850 402 2914 Similis
426 2850 566 2915 notandi
590 2850 730 2915 rationis
753 2851 907 2931 exempla
929 2850 1098 2931 congessit
1118 2849 1264 2914 Hensius

86 2975 127 3035 p.
155 2954 195 3015 61
224 2972 272 3034 sq.
316 2953 353 3016 In
367 2953 524 3034 parabasi
539 2953 740 3018 Heliodoms
756 2958 834 3017 ante
856 2952 1002 3036 συζυγίαν
1022 2949 1266 3037 ἐπιρρηματικήν

88 3055 220 3139 posuit
243 3056 355 3137 diplen
377 3056 568 3139 pariterque
591 3054 770 3141 κομμάτιον,
795 3054 892 3140 αὐτὴν
911 3056 967 3139 τήν
993 3055 1180 3142 παράβασιν,
1202 3059 1281 3119 πνῖ·’

89 3182 159 3245 γος
195 3158 336 3241 singulis
370 3159 468 3240 diplis
504 3160 698 3241 segregavit,
730 3160 788 3224 ubi
822 3159 964 3223 diversis
987 3158 1102 3223 metris
1133 3159 1269 3223 condita

87 3266 213 3328 erant.
258 3261 320 3325 Ubi
354 3261 451 3326 aliter
484 3282 538 3326 res
574 3282 609 3327 se
643 3263 760 3327 habuit
792 3263 882 3327 velut
913 3262 994 3326 Ach.
1018 3282 1068 3326 vv.
1092 3263 1154 3327 628
1183 3283 1266 3345 sqq,

78 3370 202 3432 notas
246 3364 369 3429 omisit.
433 3364 539 3429 Nullis
580 3385 656 3430 eum
699 3366 789 3431 notis
832 3362 1077 3450 ἐπιρρηματικήν
1119 3363 1265 3449 συζυγίαν

78 3468 299 3535 distinxisse
327 3467 382 3532 vix
412 3468 621 3549 crediderim,
651 3469 782 3533 etiarnsi
811 3490 896 3552 quae
924 3469 1047 3534 fuerint
1076 3472 1176 3532 notae
1199 3468 1264 3532 dici

75 3594 169 3640 non
194 3572 262 3635 iam
284 3570 439 3654 possit;²)
463 3572 504 3635 cf.
526 3572 639 3637 Hense
662 3593 694 3654 p.
718 3574 758 3637 68
782 3594 831 3655 sq.
881 3572 990 3636 Aliam
1020 3571 1186 3636 rationem
1212 3572 1264 3635 in-

73 3676 245 3743 eundam
270 3694 345 3739 esse
369 3675 499 3739 censuit
514 3675 731 3758 Hephaestio,
755 3675 821 3758 qui,
845 3696 920 3740 cum
942 3675 1117 3757 parabasis
1139 3675 1263 3740 ultimis

121 3851 302 3861 ...μ-..-

184 3916 207 3983 ¹)
226 3914 382 3968 Putaverim
401 3914 455 3967 iam
468 3912 681 3981 Aristophanem
700 3912 861 3981 Byzantium
880 3912 908 3965 in
923 3913 1034 3966 Pindari
1048 3918 1131 3983 atque
1146 3914 1262 3968 Simoni·

61 4010 129 4064 dis
164 4002 335 4056 carminibus
362 4002 492 4069 periodos
521 4007 548 4053 et
575 4001 636 4054 cola
654 4001 764 4069 saepius
784 4003 891 4053 ἐκθέσει
909 4006 937 4054 et
954 4004 1067 4053 stottost
1085 4003 1261 4071 expressisse.

60 4098 162 4151 Nam
188 4090 404 4157 Aristophanem
433 4088 494 4142 sola
518 4088 579 4141 oola
601 4088 755 4156 respexisse
780 4104 813 4140 ex
836 4088 916 4141 Dion.
934 4087 995 4141 Hal.
1020 4090 1064 4141 de·
1078 4106 1166 4157 comp.
1184 4091 1260 4144 verb.

54 4202 107 4239 ‹ea
116 4199 150 4249 p.
185 4176 229 4230 22.
259 4178 292 4229 96
320 4176 393 4245 (pag.
420 4177 479 4229 312.
506 4176 559 4228 430
587 4176 660 4245 Sch.)
686 4175 798 4228 minime
822 4175 953 4242 seqnitur,
981 4180 1078 4228 contra
1096 4192 1159 4228 eum
1177 4177 1260 4229 etiarn

56 4266 274 4341 periodorum
297 4263 433 4316 rationem
455 4263 587 4315 hahuisse
610 4268 639 4314 et
661 4267 772 4329 propter
796 4262 851 4314 alia
875 4267 1036 4329 argumenta
1054 4262 1200 4316 verisimile
1218 4270 1261 4316 est

49 4364 98 4414 et
135 4356 258 4421 propter
274 4350 354 4404 Dion.
373 4350 433 4404 Hal.
454 4351 488 4403 de
507 4366 596 4418 comp.
615 4349 690 4403 verb.
709 4365 768 4416 cap.
790 4350 828 4401 19.
848 4349 883 4400 15
900 4347 936 4415 (p.
949 4348 1095 4401 160-161.
1114 4350 1166 4403 381
1178 4351 1260 4419 Schl,

49 4452 112 4502 «le
143 4438 252 4509 quibus
271 4438 339 4491 locis
357 4437 428 4490 infra
446 4437 641 4504 disputabitur;
661 4436 693 4490 cf.
713 4436 796 4489 etiarn
814 4436 856 4488 W.
875 4435 1043 4499 Brambach,
1062 4436 1260 4504 Rhythmische

45 4530 142 4593 und
164 4525 318 4580 metrische
337 4525 585 4591 Untersuchungen
603 4524 686 4593 (Lips.
708 4524 784 4591 1871)
802 4540 828 4590 p.
847 4524 882 4574 60
899 4539 960 4590 sqq.
981 4524 1030 4575 123
1048 4540 1090 4590 sq.

180 4612 205 4683 2)
224 4630 250 4665 v.
269 4612 357 4665 schol.
375 4612 438 4666 Pac.
460 4612 534 4665 nat.
571 4610 619 4679 Eq.
637 4611 696 4664 551.
717 4610 792 4664 1163.
827 4610 895 4663 Ach.
914 4611 973 4662 665.
991 4610 1051 4664 971.
