3459 5200
915 421 959 487 62

414 611 716 698 christophorus
752 614 1027 700 Mytilenaeas,
1065 616 1122 700 qui
1157 616 1265 701 priore
1301 618 1389 685 illius
1426 620 1555 686 saeculi

321 725 415 805 parte
438 718 597 803 dignitate
620 720 803 796 ἀνθυπάτω,
827 724 993 808 πατρικίου,
1016 720 1213 810 ὑπογραφέως
1233 735 1287 791 τοῦ
1310 729 1466 809 βασιλέως,
1485 749 1557 812 κρι·

322 835 375 892 τοῦ
399 837 454 914 cqc
476 825 696 915 Παφλαγονίας
718 831 771 893 καὶ
793 836 852 895 τῶν
877 825 1087 917 Ἀρμενιακῶν
1110 838 1243 896 ornatus
1265 831 1384 918 floruit,
1404 835 1464 900 121
1481 853 1553 898 car·

321 932 411 997 mina
442 932 585 998 iambica
614 934 708 998 varia
741 936 932 1019 composuit.
978 937 1069 1002 Haec
1100 938 1255 1022 carmina,
1289 959 1375 1022 quae
1408 939 1557 1006 efficiunt

322 1039 411 1105 2515
435 1040 591 1118 senarios,
614 1040 790 1105 memoriae
808 1040 931 1107 tradita
945 1052 1020 1108 sunt
1034 1061 1097 1108 uno
1112 1041 1225 1109 codice
1240 1044 1394 1110 abbatiae
1408 1045 1553 1131 Gryptae

322 1144 488 1224 Ferratus,
513 1145 568 1228 qui
590 1146 766 1229 insignitus
790 1153 840 1214 est
863 1147 898 1214 Z.
923 1168 952 1213 a.
978 1148 1090 1213 XXIX
1113 1152 1214 1231 (saec.
1238 1151 1329 1234 XV);
1357 1153 1493 1237 primum
1518 1153 1554 1216 in

323 1252 425 1318 lucem
450 1250 539 1318 edita
563 1253 702 1318 suntab
725 1252 865 1319 Antonio
889 1255 1012 1320 Bocchi
1034 1257 1171 1336 (Romae
1196 1259 1305 1338 1881).
1352 1257 1424 1325 Etsi
1447 1258 1554 1324 codex

324 1358 514 1444 Cryptensis
537 1359 633 1424 tineis
656 1358 752 1425 foede
774 1359 943 1426 mutilatus
967 1368 1027 1445 est,
1051 1368 1170 1447 tamen,
1196 1363 1283 1447 quod
1306 1365 1460 1431 nonnulla
1482 1385 1554 1432 car·

322 1466 409 1530 mina
442 1465 540 1530 etiam
572 1465 605 1530 in
639 1465 752 1532 codice
779 1466 939 1533 Vaticano
966 1470 1050 1536 1851
1083 1469 1221 1552 aliisque
1254 1479 1434 1556 occurrunt,
1467 1491 1555 1538 nunc

324 1578 497 1657 supersunt
522 1573 608 1640 1300
631 1572 751 1638 senarii
775 1572 911 1657 integri3
934 1574 1050 1658 reliqui
1074 1596 1187 1642 versus
1210 1576 1284 1662 plus
1309 1577 1456 1644 minusve
1479 1599 1555 1664 per·

323 1677 437 1743 ierunt.

278 1786 281 1791 ’
412 1784 561 1868 Denique
589 1785 662 1850 huie
690 1784 787 1852 classi
816 1784 1051 1854 adscribendus
1084 1796 1134 1854 est
1165 1788 1333 1856 Ioannes
1364 1791 1554 1876 hlauropus,

323 1891 493 1957 Michaelis
516 1890 617 1957 Pselli
644 1900 837 1977 praeceptor
864 1899 962 1976 atque
990 1894 1156 1976 amicus,¹)
1189 1895 1245 1979 qui
1276 1895 1384 1962 medio
1419 1898 1555 1964 saeculo

322 1997 492 2064 undecimo
516 1997 634 2064 florens
658 1999 829 2084 Cpolitana
852 2000 1064 2068 universitate
1087 2001 1265 2068 litterarum
1290 2006 1554 2071 5555104515-

323 2105 437 2171 stituta
460 2111 563 2170 artem
585 2104 779 2172 rhetoricam
802 2105 914 2172 docuit
936 2114 969 2172 et
996 2109 1039 2173 ah
1065 2128 1150 2173 anno
1178 2112 1261 2176 1046
1288 2109 1458 2177 Euchaitis
1485 2132 1554 2180 me

323 2210 496 2297 tropolitae
517 2232 650 2278 munere
674 2211 802 2279 functus
831 2214 923 2297 est’)
968 2214 1002 2280 Is
1030 2222 1131 2281 metro
1159 2214 1299 2281 iambico
1327 2237 1406 2283 usus
1433 2217 1553 2302 princi·

323 2319 445 2404 palium
478 2316 601 2384 dierum
634 2319 790 2386 festorum
822 2319 976 2387 historias
1007 2322 1042 2385 in
1074 2321 1195 2387 tabulis
1227 2323 1334 2406 pictas
1360 2330 1554 2408 patrumque

324 2433 507 2491 sanctorum
530 2425 691 2509 imagines
715 2427 954 2493 commentariis
976 2427 1127 2494 instmxit
1150 2435 1182 2493 et
1205 2429 1441 2513 epigrammata
1458 2431 1554 2495 varia

324 2532 515 2618 composuit.
554 2533 644 2599 Haec
658 2535 701 2600 99
726 2533 880 2619 carmina,
904 2553 989 2618 quae
1013 2535 1177 2601 continent
1194 2537 1279 2604 1862
1303 2537 1449 2604 senarios
1473 2537 1553 2603 iam·

322 2640 424 2724 bicos,
449 2639 562 2705 codice
585 2640 742 2707 Vaticano
767 2640 895 2707 Graeco
924 2644 989 2709 616
1019 2642 1091 2727 ipso
1119 2642 1250 2709 saeculo
1279 2641 1450 2709 undecimo
1478 2644 1553 2710 niti·

324 2745 459 2813 dissime
483 2746 604 2831 scripto
631 2747 806 2813 memoriae
835 2747 957 2813 hadita
989 2754 1064 2814 sunt
1096 2755 1129 2814 et
1160 2769 1182 2813 a
1212 2749 1354 2833 Bolligio
1387 2749 1555 2836 descripta

323 2853 418 2919 Pauli
442 2852 484 2918 de
506 2852 659 2936 Lagarde
687 2873 765 2919 cura
797 2861 896 2937 atque
928 2854 1037 2921 studio
1071 2856 1104 2920 in
1136 2855 1397 2941 Ahhandlungen
1429 2855 1459 2921 d.
1484 2857 1555 2941 kgl.

325 2958 544 3026 Gesellschalt
568 2960 598 3028 d.
615 2960 893 3027 wissenschaften
916 2981 955 3026 zu
979 2960 1156 3046 Gottingen
1178 2962 1241 3026 vol.
1257 2962 1399 3027 XXVIII
1413 2963 1554 3041 (Gottin-

323 3086 387 3150 gae
413 3068 512 3147 1882)
536 3066 569 3132 in
591 3066 694 3132 lucem
718 3067 947 3153 prodierunt.³)
990 3068 1165 3134 Praeterea
1179 3068 1265 3134 idem
1280 3069 1329 3134 vir
1345 3068 1555 3135 doctissimus

323 3228 535 3237 ——-...-—

416 3314 436 3383 ¹)
464 3314 597 3369 Attamen
615 3315 721 3370 Psellus
740 3315 770 3369 in
789 3315 923 3371 trimetris
940 3315 1067 3371 iambicis
1077 3316 1231 3387 pangendis
1243 3316 1354 3373 easdem
1366 3316 1402 3371 de
1414 3316 1555 3372 vocalium

323 3399 401 3454 All
420 3421 470 3457 usu
489 3420 558 3471 quas
576 3404 692 3459 Ioannes
712 3406 870 3460 observavit
888 3405 964 3474 leges
982 3405 1061 3473 sequi
1079 3406 1182 3470 noluit3
1210 3424 1276 3460 nam
1294 3406 1383 3461 etiam
1400 3406 1554 3461 substanti·

323 3510 418 3547 vorum
438 3493 701 3562 adiectivorumqu'e‚
729 3512 800 3562 quae
826 3494 857 3548 in
885 3494 995 3549 brevem
1022 3496 1146 3550 vocalem
1171 3498 1281 3559 exeunt,
1307 3495 1428 3565 syllabas
1456 3495 1556 3551 finales

322 3581 474 3636 identidem
493 3582 632 3651 produxit,
650 3600 676 3639 v.
696 3602 723 3655 g.
743 3583 773 3636 in
792 3600 875 3638 earm.
894 3582 925 3637 in
942 3582 1094 3637 Sclerinam
1120 3584 1166 3650 (ef.
1186 3584 1240 3639 Leo
1258 3584 1418 3650 Sternhaoh‚
1437 3584 1553 3639 Menan·

324 3670 389 3725 drea
409 3670 566 3738 [Creeoviae
587 3671 665 3739 1891)
685 3690 712 3741 p.
731 3672 766 3727 56
785 3670 856 3741 sqq.)
875 3690 920 3726 vv.

555 3760 589 3814 58
617 3765 712 3829 στυγνῷ
731 3758 851 3831 κρυβεῐοα
868 3758 912 3811 καὶ
929 3762 988 3830 παρ’
1007 3757 1118 3811 §latta
1135 3757 1204 3830 itaq

537 3849 589 3903 282
617 3846 682 3920 βέλη
701 3851 793 3920 πικρὰ
811 3854 922 3901 κεντοῦσι
939 3855 987 3921 τῆς
1006 3848 1129 3919 ἀθυμίας.

323 3938 423 4005 115555
442 3937 555 3993 dubium
575 3956 629 3993 non
648 3942 698 4005 est,
727 3939 795 4007 quin
823 3939 929 3994 Psellus
947 3939 1031 3995 tertio
1051 3940 1312 4009 iambographorum
1334 3939 1424 3994 ordini
1442 3939 1554 3993 Hilber-

323 4027 408 4097 piano
427 4026 623 4082 adscribendus
641 4027 686 4081 sit.

415 4132 436 4201 ²)
464 4134 503 4189 cf.
524 4134 609 4189 etiam
630 4135 757 4189 William
776 4136 894 4201 Fischer,
923 4134 1041 4191 Studien
1066 4153 1115 4189 zur
1139 4134 1370 4203 byzantinisehen
1388 4134 1556 4193 Gesehiohte

323 4223 371 4279 des
389 4223 477 4278 elften
495 4224 696 4279 Jahrhunderts
715 4224 830 4292 (Placen
849 4225 867 4278 i.
887 4225 920 4277 V.
941 4224 1021 4292 1883)
1040 4242 1066 4293 p.
1086 4225 1120 4278 13
1145 4228 1174 4279 et
1197 4224 1321 4289 ‚Ioannes
1339 4225 1497 4293 Mauropus'
1508 4266 1515 4277 .
1527 4266 1554 4281 ..

324 4312 469 4377 Gedichte‚
489 4314 665 4382 ausgevthlt
684 4312 741 4368 und
758 4313 889 4368 metrisch
904 4314 1042 4368 ubersetut
1055 4331 1109 4367 von
1119 4313 1225 4368 Arthur
1238 4312 1351 4369 Berndt‘
1366 4312 1483 4381 (Plaueu
1492 4312 1555 4367 tu.

324 4401 405 4469 1881)
424 4419 450 4470 p.
471 4403 486 4456 1
506 4420 565 4470 sqq.

414 4506 436 4575 1)
465 4508 579 4562 Praeter
596 4508 649 4563 hoo
667 4508 821 4563 carminum
839 4526 944 4578 corpus,
971 4508 1045 4577 quod
1067 4508 1170 4563 Paulus
1188 4508 1224 4563 ds
1242 4507 1368 4579 liegarde
1391 4507 1487 4569 edidit,
1511 4508 1554 4561 in·

322 4597 474 4652 veniuntur
497 4597 527 4650 in
550 4596 691 4665 Patrolog.
712 4614 780 4651 curs.
799 4598 898 4666 compl.
917 4615 972 4651 eur.
992 4597 1088 4665 Migne
1106 4614 1157 4652 ser.
1176 4596 1271 4652 Graec
1290 4600 1357 4654 torn.
1378 4596 1430 4650 120
1451 4595 1554 4663 (Puris.

324 4684 406 4753 1880)
425 4704 450 4754 p.
473 4686 541 4740 1196
560 4703 620 4753 sqq.
639 4690 745 4755 septem
764 4686 888 4741 carmina
905 4686 1018 4741 Ioannis
1036 4686 1149 4741 nomine
1167 4686 1308 4755 inscripta,
1333 4702 1405 4753 quse
1427 4686 1556 4741 numeris
