3459 5200
953 455 972 518 8

862 545 992 551 ——-...-.-
998 543 1064 550 ——n

470 665 557 747 Ergo
581 665 646 728 hoc
667 684 771 728 unum
794 663 924 728 duobus
948 662 1014 726 illis
1038 663 1121 727 locis
1146 663 1288 727 efficitur
1315 662 1411 746 plura
1434 664 1550 726 Inesse

386 768 514 832 scholia
542 768 578 831 in
607 772 677 830 cet
699 765 733 829 P
757 786 856 849 quam
880 767 915 830 in
937 764 976 845 A,
1007 784 1147 849 quorum
1172 766 1213 830 de
1241 765 1368 847 origine
1395 771 1468 829 tum
1491 766 1551 830 de-

386 892 478 936 mum
501 874 590 935 recte
613 870 824 947 iudicabitur,
849 888 923 934 curn
947 889 1031 952 quae
1054 869 1194 934 omniuo
1218 869 1254 932 in
1277 889 1292 931 c
1316 873 1348 933 et
1370 867 1404 932 P
1424 869 1552 952 scripta

387 975 456 1038 sint
481 973 611 1039 scholia
639 973 798 1038 certiores
820 973 900 1037 tacti
933 972 1068 1038 erimus.
1113 972 1279 1056 Equidem
1301 972 1454 1038 codicum
1475 971 1555 1036 cCP

386 1077 584 1142 memoriam
606 1077 648 1140 ab
671 1080 833 1158 apparatu
849 1076 965 1140 critico
983 1075 1237 1141 commentariis
1254 1076 1404 1141 subiecto
1422 1077 1551 1142 removi

388 1185 528 1264 excepta
549 1179 607 1244 illa
629 1179 792 1262 particula
815 1199 900 1263 quae
923 1179 958 1243 in
979 1177 1011 1243 A
1033 1180 1113 1244 folio
1138 1179 1313 1262 deperdito
1337 1180 1475 1244 interiit.

473 1284 591 1350 Obiter
613 1303 734 1348 moneo
758 1303 935 1366 perperam
958 1283 1083 1348 codicis
1109 1281 1138 1346 G
1156 1284 1354 1348 memoriam
1376 1285 1551 1366 amplexos

390 1407 465 1453 esse
481 1387 706 1452 Gaisfordium
722 1391 822 1470 atque
834 1387 1081 1470 Westphalium
1103 1411 1136 1472 p.
1160 1387 1211 1465 71,
1231 1388 1271 1451 18
1287 1387 1324 1451 G.
1346 1387 1411 1469 (38,
1432 1388 1470 1450 la
1486 1385 1552 1467 W.)

392 1487 434 1566 ὡς
475 1487 547 1574 παρ’
578 1487 740 1575 Ἀλκμᾶνι,
775 1509 848 1554 cum
884 1490 918 1553 in
957 1488 1065 1554 ΛΡΜ
1096 1490 1224 1572 legatur
1263 1483 1367 1573 ὥσπερ
1395 1481 1554 1574 Ἀλκμᾶνι.

392 1593 531 1658 Accedit
553 1592 644 1675 quod
664 1612 696 1675 p.
721 1593 771 1670 72,
797 1594 810 1655 1
837 1593 902 1674 (38,
927 1595 979 1676 16)
1002 1592 1037 1656 in
1060 1592 1216 1657 omnibus
1241 1591 1413 1656 codicibus
1434 1592 1555 1674 legitur

362 1699 365 1703 ’
393 1695 522 1780 Σαπφοῖ
547 1697 591 1778 δὲ,
621 1699 761 1777 excepto
794 1691 837 1772 D,
873 1695 914 1766 de
949 1717 1013 1779 quo
1050 1695 1125 1760 vide
1162 1695 1387 1760 Gaisfordium
1424 1717 1455 1777 p.
1489 1695 1554 1760 Vll.

394 1800 598 1864 Vocabulum
622 1795 726 1882 ὥσπερ
756 1799 955 1881 saepissime
984 1800 1018 1864 in
1046 1798 1232 1864 enchiridio
1257 1798 1402 1863 similem
1424 1798 1459 1862 in
1482 1817 1556 1862 nro·

395 1902 474 1967 dum
496 1905 686 1984 usurpatur,
714 1905 814 1985 atque
842 1922 940 1966 casus
970 1903 1100 1966 dativus
1134 1902 1308 1966 absolutus
1342 1903 1557 1966 confirmatur

393 2006 504 2070 verbis
537 2026 569 2088 p.
603 2006 654 2084 54,
687 2006 707 2068 h
741 2006 779 2068 G.
813 2005 878 2085 (89,
915 2005 953 2070 18
986 2006 1051 2087 W.)
1084 2004 1258 2090 γέγραπται
1290 2005 1326 2068 δὲ
1358 2007 1414 2069 καὶ
1435 2003 1554 2069 Καλλι-

393 2107 527 2195 edre-¹)

479 2210 695 2276 Grammatici
728 2210 995 2276 additamentum
1028 2211 1061 2276 iu
1093 2209 1122 2275 C
1146 2217 1224 2276 sunt
1251 2213 1354 2277 verba
1382 2210 1558 2297 μᾶλλονδὲ

396 2312 518 2400 μακράς
549 2335 582 2398 p.
618 2315 667 2392 15,
701 2315 720 2378 I
754 2313 791 2378 G.
826 2314 869 2394 (8,
906 2316 945 2379 19
980 2313 1054 2398 W.),
1088 2334 1172 2398 quae
1206 2315 1242 2379 in
1275 2314 1309 2378 P
1339 2315 1374 2379 in
1408 2317 1559 2400 margine

397 2421 532 2483 exarata
554 2422 642 2483 sunt.

480 2521 530 2586 Ea
558 2541 658 2605 quam
686 2520 834 2586 secundo
863 2520 939 2585 loco
967 2521 1066 2602 posui
1094 2521 1247 2587 codicum
1276 2521 1402 2586 familia
1430 2539 1471 2585 eo
1498 2541 1560 2604 po·

396 2626 563 2691 tissimum
575 2626 721 2716 aliquem
732 2645 908 2691 numerum
920 2624 1059 2704 obtinet,
1072 2626 1161 2708 quod
1173 2627 1313 2691 alteram
1325 2624 1531 2690 scholiorum
1539 2644 1561 2687 α

398 2729 630 2794 recensionem
653 2728 814 2807 continet,
838 2748 932 2810 quae,
956 2748 1156 2811 quamquam
1180 2729 1281 2795 etiam
1303 2727 1466 2794 Manuelis
1489 2730 1560 2793 Mo-

401 2832 553 2915 schopuli
576 2831 732 2897 doctrina
754 2831 930 2913 inquinata
952 2834 1003 2895 est
1026 2832 1070 2913 (p.
1096 2832 1148 2910 99,
1165 2832 1206 2896 30
1220 2832 1326 2916 W.)²)‚
1349 2837 1462 2897 tamon
1486 2852 1561 2896 eam

401 2956 485 3018 quae
518 2935 553 2999 in
585 2933 682 3012 ΑΚΘ
715 2933 835 3016 legitur
869 2933 1073 2999 scholiorum
1097 2935 1330 3000 recensionem
1353 2935 1481 3000 ambitu
1510 2940 1561 3000 at-

400 3060 463 3122 que
497 3038 687 3121 iutegritate
725 3040 870 3118 superat.
922 3036 1062 3101 Etiamsi
1097 3038 1186 3103 enim
1221 3038 1312 3103 haud
1345 3038 1467 3103 iniuria
1500 3038 1562 3105 du-

399 3142 559 3206 bitaveris
593 3162 637 3205 an
670 3160 710 3205 ea
743 3140 886 3219 scholia,
916 3160 999 3223 quae
1028 3142 1236 3207 recensionis
1260 3140 1292 3205 B
1317 3143 1454 3224 propria
1483 3149 1563 3209 sunt

402 3246 490 3309 intra
519 3264 558 3309 ca
586 3243 705 3325 capita,
734 3245 854 3325 quibus
886 3243 987 3308 etiam
1017 3244 1050 3307 ln
1074 3242 1110 3307 X
1129 3246 1257 3311 scholia
1279 3246 1450 3329 adscripta
1473 3250 1562 3323 sunt,

402 3370 421 3412 a
443 3347 636 3430 Byzantinis
660 3346 794 3411 demum
816 3347 1043 3429 grammaticis
1068 3348 1231 3430 originem
1256 3348 1422 3428 duxerint,
1446 3350 1564 3431 negari

402 3452 518 3533 nequit
546 3451 581 3514 in
609 3451 798 3533 posteriore
828 3450 1033 3515 scholiorum
1060 3455 1165 3532 parte,
1196 3472 1280 3535 quae
1310 3453 1344 3516 in
1368 3450 1404 3515 X
1423 3454 1564 3517 omnino

403 3554 530 3619 omissa
563 3558 624 3633 est,
657 3573 726 3617 non
755 3571 862 3636 pauca
890 3554 933 3616 ad
957 3554 1103 3635 optimos
1125 3575 1201 3620 esse
1224 3556 1413 3620 revocanda
1435 3556 1565 3631 lontes3

404 3660 444 3722 cf.
473 3658 762 3722 Hoerschelnrann
794 3656 850 3720 Gn
878 3676 910 3738 p.
942 3656 1120 3721 597-599.
1164 3659 1273 3742 Atque
1302 3659 1403 3724 etiarn
1426 3658 1461 3722 iu
1484 3678 1566 3723 con-

403 3767 498 3827 textu
529 3760 722 3838 verborum,
757 3778 831 3823 cum
861 3758 960 3823 huius
995 3759 1114 3823 classis
1147 3762 1346 3846 archetypus
1381 3760 1507 3825 codicis
1535 3759 1568 3824 A

405 3866 500 3948 quasi
523 3864 627 3928 irater
649 3862 757 3940 fuerit,
792 3861 929 3926 suntin
952 3859 984 3923 B
1007 3864 1185 3943 nonnullo,
1214 3885 1299 3947 quae
1322 3884 1363 3929 ex
1386 3864 1513 3929 codicis
1535 3860 1567 3926 A

404 3968 514 4033 verbis
538 3966 731 4031 coniectura
753 3964 897 4029 derivari
921 3985 990 4029 non
1013 3966 1196 4048 potuerint,
1219 3969 1309 4033 velut

488 4092 521 4152 p.
544 4071 574 4147 3,
597 4069 617 4133 6
637 4070 674 4132 G.
697 4067 740 4148 (l,
764 4071 783 4133 8
807 4068 872 4151 W.)
905 4065 988 4131 κατὰ
1017 4066 1107 4133 πέντε
1135 4068 1268 4155 τρόπους
1293 4068 1395 4148 Mhi,
1429 4071 1485 4133 καὶ
1517 4066 1571 4133 ἀεὶ

405 4174 518 4262 ῥᾳδίως
539 4171 580 4249 Α,
608 4172 649 4236 de
672 4191 737 4255 quo
760 4173 835 4236 loco
857 4171 933 4235 vide
957 4172 1166 4238 Studemund
1189 4175 1210 4239 l.
1234 4194 1262 4239 c.
1285 4194 1316 4257 p.
1343 4174 1413 4238 110.

493 4429 512 4499 ¹)
531 4430 564 4482 cl.
584 4429 667 4482 etiam
685 4428 831 4482 Caesarem
850 4429 878 4481 in
898 4430 1005 4482 emend.
1023 4429 1112 4499 Heph.
1131 4430 1143 4483 l
1162 4447 1187 4497 p.
1206 4428 1302 4483 XXIII.

493 4516 515 4587 ²)
535 4518 568 4570 cf.
587 4516 733 4585 Westphal
751 4516 847 4569 hletrilr
865 4514 891 4569 1²
910 4532 936 4585 p.
958 4516 1014 4569 137.
