3459 5200
781 392 822 459 93

698 482 743 489 ...-
762 484 901 491 ———----

157 596 237 663 VIII
256 598 342 679 ml:
364 596 415 664 air
437 602 483 665 eat
500 598 637 683 optinere
650 604 680 667 el
694 598 780 667 inter
815 623 863 668 or.
892 604 931 667 Vl
960 604 995 669 3:
1036 604 1223 669 aemnoiem
1253 600 1424 686 facundiae

204 709 778 794 proecipeneoenriiornomeniono·
856 713 916 779 din
946 713 1033 783 inter
1057 715 1123 799 fori
1150 722 1338 784 ornamento
1360 736 1424 782 nn·

209 822 392 889 merendae.
856 832 1022 893 moratam.

159 937 212 1003 IX
231 938 319 1017 lom
340 936 447 1020 itaque
455 943 601 1023 poemata
614 937 781 1021 prrieocunt
814 940 854 1004 lll
872 942 957 1018 132:
980 942 1058 1006 dam
1076 940 1303 1025 epigrammata
1315 940 1425 1007 oblatis

209 1068 290 1130 quoe
318 1054 355 1115 ta
382 1050 469 1117 inter
489 1071 618 1117 rumora
646 1056 676 1115 et
696 1051 780 1117 lucos
856 1050 937 1117 trecis
956 1056 1015 1118 oret
1035 1052 1183 1119 omnibns
1206 1051 1296 1136 faceo.

210 1162 778 1248 wnmodesameperfictpunelnac

210 1275 288 1342 dial.
311 1279 355 1361 9).

161 1386 211 1451 IX
234 1389 323 1467 285:
356 1386 494 1471 proinde
520 1386 630 1473 primo
657 1409 780 1471 quaerre
814 1388 1045 1469 114‚l:nnde
1065 1388 1168 1475 ipitnr
1187 1388 1342 1455 aemonio
1362 1387 1424 1455 mei

210 1498 367 1565 aceniam
380 1498 469 1565 mitte
485 1502 641 1587 (litteras)
656 1500 778 1585 opposi-
856 1500 979 1586 lerpam
988 1500 1091 1586 poscis
1106 1522 1247 1582 nocerem,
1269 1501 1326 1584 qni
1340 1501 1424 1568 nihil

211 1610 252 1675 tie
273 1610 399 1695 periclem
420 1612 539 1694 naaria,
561 1634 641 1697 pano
662 1634 715 1699 epo
737 1651 777 1661 -
855 1611 988 1679 litterati
1000 1611 1122 1696 fenoris
1137 1613 1323 1679 credidisti?
1347 1616 1423 1681 Imi-

209 1742 290 1789 nom
313 1725 446 1808 porcine
467 1724 622 1810 meeum?
644 1766 685 1777 -
707 1748 777 1793 cen-
857 1727 1020 1793 tationem
1042 1727 1202 1793 indicavit
1224 1728 1325 1793 Geisl.
1341 1729 1422 1793 diss.

211 1835 336 1903 iesimon
357 1838 545 1923 computabo.
855 1860 888 1922 p.
912 1840 962 1906 79.
1007 1840 1056 1905 Cf.
1079 1841 1237 1921 1343ss
1260 1841 1422 1907 7311132

855 1952 910 2017 VH
931 1952 983 2017 33.
1006 1953 1077 2033 oon
1103 2002 1112 2019 .
1136 2001 1176 2019 ..

164 2064 220 2128 ad.
232 2064 322 2129 Trai.
333 2063 404 2144 4‚5:
418 2062 532 2145 quibem
545 2062 683 2149 sinpnlic
697 2063 776 2129 mai·
812 2064 852 2129 Ill
875 2066 931 2131 77:
957 2085 1029 2129 cum
1051 2110 1059 2129 .
1083 2113 1092 2128 .
1114 2114 1123 2131 .
1144 2084 1344 2132 memororum
1363 2063 1423 2131 eilri

209 2178 278 2240 inm
292 2174 569 2243 mmmmdolionis
579 2196 777 2251 accessuram
853 2175 976 2258 aliquid
1000 2175 1125 2261 protioe
1150 2198 1191 2241 ex
1210 2177 1289 2243 meio
1309 2176 1423 2243 littorio

209 2286 304 2352 etiarn
331 2308 371 2352 ec
397 2288 476 2354 rnna
495 2288 643 2373 precihus
668 2288 775 2355 indol-
853 2286 1020 2357 indicaret.

205 2400 332 2485 pentiee
354 2405 427 2469 tuoe
448 2402 546 2467 credo.

253 2532 369 2611 Quivis
390 2534 483 2599 ridet
512 2532 626 2600 omnia
653 2534 737 2601 haec
767 2532 920 2617 exempla
947 2532 1060 2616 gravia
1080 2529 1193 2598 vocari
1218 2551 1286 2596 non
1309 2552 1421 2615 posse,

166 2646 296 2710 nullum
319 2647 385 2712 tale
408 2667 496 2724 esse,
518 2651 555 2712 nt
578 2647 739 2730 epistulas
755 2647 856 2713 Plinii
880 2666 900 2711 a
921 2646 1123 2728 Symmacho
1145 2647 1326 2728 praecipua
1348 2645 1421 2709 dili·

166 2758 280 2842 gentia
302 2759 468 2841 perlectas
491 2779 567 2824 esse
590 2759 850 2825 demonstretur.
889 2759 1026 2825 Maioris
1048 2759 1210 2824 momenti
1234 2763 1313 2823 sunt
1336 2778 1420 2841 quae

165 2892 184 2937 e
207 2869 411 2954 Panegyrico
434 2871 577 2953 proferri
600 2873 786 2954 possunt.¹)

167 3000 182 3062 1
207 3019 239 3080 p.
256 3001 348 3079 319,1
374 2999 426 3064 K:
453 2997 528 3064 bene
549 3020 585 3064 ac
607 3000 775 3082 sapienter,
811 3001 933 3081 12le
955 2998 1030 3064 irene
1050 3019 1087 3065 oc
1109 2998 1268 3083 sapienter
1288 2997 1422 3064 maiorer

202 3114 312 3194 patres
326 3109 503 3195 conscripti,
526 3111 660 3177 maiores
681 3110 774 3178 insti·
852 3111 957 3177 nostri
980 3160 987 3175 .
1011 3161 1018 3175 .
1043 3161 1052 3178 .

208 3226 349 3289 irrorent.

167 3347 181 3410 1
207 3347 396 3427 p.319,1o:
434 3343 553 3410 coelum
585 3364 622 3410 oc
652 3342 775 3424 sidero,·
811 3347 869 3412 rel.
893 3348 960 3426 93:
986 3344 1093 3412 vobem
1115 3341 1422 3411 cameracenae

208 3458 248 3523 ci.
277 3479 355 3541 pan.
377 3459 432 3524 Vll
458 3480 491 3543 p.
517 3460 618 3540 lona.
650 3459 773 3538 178,st
852 3461 1016 3542 acceptam.

164 3579 244 3660 lp.
273 3579 404 3657 320‚15:
453 3577 668 3664 inteliepomns
704 3600 775 3664 erpo
811 3601 858 3646 or.
874 3581 916 3646 IV
932 3581 965 3646 7:
992 3577 1208 3664 inteltepamns
1228 3580 1332 3645 nostri
1353 3601 1419 3646 soe·

206 3687 286 3756 bono
300 3695 420 3758 nostro.
453 3694 494 3758 36
509 3713 540 3776 ρ.
558 3693 666 3772 alno:
691 3689 774 3756 linri-
853 3691 916 3757 cerii
938 3691 1026 3758 boreo.

208 3801 269 3868 deor
295 3807 341 3868 est
366 3808 396 3868 et
422 3803 502 3869 bono
523 3803 639 3870 scendi
655 3825 775 3889 ponem

207 3913 370 4000 inteilepit.
399 3917 448 3984 Cf.
465 3917 570 3983 Plani.
587 3918 680 4000 Capt.
700 3919 774 3982 rm:

208 4031 275 4093 turn
312 4026 447 4112 darmite
482 4028 623 4094 honines
665 4034 776 4097 nostro

207 4139 418 4226 inlellepirnne
439 4139 527 4207 borao.

164 4251 231 4338 ip.
246 4256 355 4334 3228:
379 4251 627 4336 enituitaiiepeis
643 4251 775 4335 inbelle,
811 4274 859 4318 or.
875 4254 889 4318 1
905 4255 938 4319 (ὃς
960 4250 1061 4335 feeerit
1081 4251 1198 4334 olr'rprris
1219 4252 1257 4318 in
1272 4273 1351 4337 poce
1369 4251 1419 4317 in·

206 4367 260 4431 sed
274 4365 415 4430 obsoleo-il
429 4365 467 4431 in
476 4387 570 4450 poce:
584 4365 683 4432 olirrm
695 4371 774 4452 lopo,
852 4365 988 4446 madro,
1009 4365 1063 4430 sed
1082 4364 1165 4431 idem
1183 4365 1275 4431 relos
1290 4365 1421 4448 trepidis

206 4477 260 4543 aed
286 4498 354 4543 non
381 4481 410 4542 et
435 4499 527 4544 ormo
548 4477 775 4544 honestarent:
847 4499 968 4562 param
998 4476 1095 4560 felic;
1133 4477 1220 4542 lianc
1253 4475 1421 4544 timuerint

172 4619 476 4628 *ss-—u

255 4687 273 4758 ¹)
301 4687 480 4742 Memorabile
508 4693 551 4742 est
577 4685 605 4742 in
633 4684 790 4756 Symmachi
818 4685 974 4741 orationum
1001 4685 1096 4739 codice
1120 4685 1203 4740 etlam
1225 4683 1419 4754 panegyricum

165 4775 322 4830 Plinianum
344 4776 477 4844 scriptum
496 4775 590 4830 luisse.
627 4775 666 4830 CI.
685 4775 745 4830 Keil
764 4773 836 4828 Plin.
855 4775 940 4842 prael.
959 4773 1038 4827 xnv.
