3459 5200
903 411 948 477 ta

738 626 767 690 3.
814 623 870 690 De
893 623 1117 692 Heliodoro.

400 747 567 814 Heliodori
591 747 632 815 de
656 746 819 814 diohronis
843 748 993 814 doctrina
1016 748 1093 813 olim
1118 748 1288 832 legebatur
1310 749 1342 814 in
1367 767 1405 816 eo
1429 747 1541 814 libello

311 857 445 922 metrico
468 874 563 939 quem
587 854 619 920 in
643 855 895 940 Byzantinorum
919 855 1039 922 scholis
1063 855 1264 923 tritissimum
1287 854 1389 922 fuisse
1412 863 1446 920 et
1466 854 1541 940 plus

311 964 457 1029 minusve
479 962 681 1026 immutatum
705 961 901 1046 saepissime
923 961 1177 1048 Hephaestionis
1200 960 1378 1027 enchiridio
1396 961 1450 1028 vel
1464 961 1541 1026 Dio-

311 1069 397 1156 nysii
420 1069 557 1134 Thracis
581 1069 643 1133 arti
667 1068 901 1151 grammaticae
923 1068 975 1134 vel
1000 1069 1129 1155 scriptis
1153 1069 1348 1152 quibusdam
1372 1067 1541 1134 rhetoricis

312 1177 345 1241 in
369 1175 459 1240 libris
482 1175 710 1261 manuscriptis
744 1172 931 1240 adiunctum
964 1195 1038 1241 esse
1069 1176 1193 1261 primus
1221 1173 1332 1241 docuit
1360 1173 1542 1241 Guilelmus

311 1281 596 1364 Hoerschelmann‚
631 1282 683 1347 ein
707 1280 926 1364 griechisches
953 1281 1123 1346 Lehrbucb
1151 1280 1209 1347 der
1235 1281 1355 1348 Hetrik
1388 1280 1539 1368 (Dorpati

317 1388 415 1472 1888)
439 1409 470 1475 p.
495 1391 517 1453 4
541 1409 610 1471 sqq.
637 1390 679 1456 68
703 1407 772 1471 sqq.
820 1387 903 1453 Tres
930 1387 1008 1453 illae
1039 1389 1244 1454 recensiones
1277 1388 1408 1472 genuini
1439 1387 1540 1453 libelli

311 1495 435 1561 metrici
472 1494 643 1579 Byzantini
680 1503 814 1560 auctore
851 1494 1012 1560 Guilelmo
1043 1495 1321 1561 Hoersohelmann
1352 1493 1374 1558 l.
1398 1495 1419 1559 l.
1443 1516 1474 1580 p.
1500 1497 1538 1561 11

312 1601 519 1688 appellantur
541 1601 742 1687 appendices
765 1601 1041 1686 Hephaestionea,
1066 1601 1278 1687 Dionysiana
1301 1599 1473 1667 rhetorica.

401 1706 598 1773 Heliodorca
630 1706 671 1773 de
704 1706 869 1774 diohronis
907 1707 1053 1773 doctriua
1084 1708 1290 1804 legebatur
1281 1729 1315 1774 m
1344 1726 1383 1773 eo
1411 1707 1541 1791 genuini

312 1787 400 1880 illius
423 1813 525 1880 libelli
547 1814 673 1880 metrici
697 1814 868 1914 Byzantiui
894 1815 1012 1900 capite,
1043 1814 1130 1898 quod
1158 1799 1343 1882 inscribitur
1362 1815 1439 1900 περὶ
1465 1835 1542 1879 συνι-

186 2009 189 2016 .
313 1926 382 2009 tque
384 1945 434 1994 ως.
473 1919 604 2005 Optima
627 1920 722 1988 huius
746 1907 863 2006 capitis
888 1922 1044 2006 recensio,
1068 1941 1153 2004 quae
1176 1920 1283 1986 adhuc
1306 1921 1454 2005 innotuit,
1477 1939 1541 1986 me-

312 2028 435 2093 moriae
459 2027 580 2093 tradita
609 2033 659 2092 est
690 2026 883 2113 appendicis
914 2028 1140 2112 Dionysianae
1171 2027 1283 2094 codice
1316 2027 1541 2110 Saibantiano,

313 2136 368 2218 qui
396 2155 479 2201 nunc
507 2141 557 2201 est
583 2135 667 2199 inter
696 2133 894 2200 Bodleianos
921 2136 1014 2199 Auct.
1039 2136 1077 2198 Τ.
1101 2135 1149 2200 lv
1172 2137 1193 2202 9
1217 2133 1272 2202 fol.
1296 2136 1380 2218 bhv,
1413 2134 1541 2217 dequo

313 2241 462 2308 conferas
486 2241 761 2308 Hoerschelmann
784 2241 805 2305 l.
821 2240 841 2304 1.
858 2261 889 2326 p.
903 2241 934 2309 5.
954 2246 1004 2324 14,
1024 2239 1137 2306 Rheiu.
1152 2241 1233 2306 blus.
1248 2241 1312 2306 vol.
1328 2242 1372 2308 86
1386 2243 1430 2322 (a
1443 2242 1541 2319 1881)

313 2369 343 2434 p.
363 2350 426 2414 283
443 2368 521 2430 sqq,
544 2345 708 2428 Goetting.
725 2346 788 2429 gel.
802 2347 881 2412 Anz.
905 2367 936 2414 a.
956 2349 1040 2414 1887
1063 2367 1095 2432 p.
1111 2349 1179 2416 605
1203 2351 1263 2430 (nr.
1277 2347 1321 2412 VI
1337 2350 1380 2426 7).
1417 2344 1542 2411 Eadem

313 2455 432 2540 capitis
455 2458 521 2538 περὶ
543 2457 720 2538 συνιζήσεως
743 2454 889 2518 recensio
909 2452 1025 2518 addita
1041 2462 1091 2520 est
1105 2452 1298 2541 appendicis
1315 2454 1419 2519 instar
1432 2451 1542 2519 libello

313 2562 361 2629 illi
385 2560 501 2629 Heliae
524 2559 673 2627 monaehi
696 2564 761 2645 περὶ
785 2561 932 2648 διαφόρων
954 2567 1079 2647 μέτρων,
1107 2568 1183 2646 post
1210 2580 1304 2646 quem
1336 2559 1425 2627 edita
1448 2566 1499 2627 cst
1521 2579 1542 2625 a

315 2668 536 2734 Studemundo
559 2665 680 2733 Anecd.
709 2666 782 2731 Var.
806 2667 870 2731 vol.
895 2667 910 2731 I
937 2670 998 2734 177
1025 2688 1095 2751 sqq.

402 2775 440 2839 In
467 2773 529 2839 hoc
557 2774 666 2859 capite
689 2772 918 2838 Heliodoream
950 2778 1020 2859 περὶ
1052 2780 1228 2862 συαζήσεως
1259 2773 1439 2840 doctrinam
1470 2792 1542 2858 pro·

314 2884 415 2948 letam
448 2904 521 2949 esse
549 2881 659 2953 docuit
686 2880 785 2965 Volta,
818 2880 860 2948 de
887 2882 992 2949 Helia
1023 2883 1192 2967 monacho,
1224 2883 1341 2949 isaaco
1373 2878 1542 2962 monacho,

315 2988 608 3056 Pseudo-Dracone
632 2988 842 3073 scriptoribus
866 2989 1009 3054 metricis
1031 2989 1224 3075 Byzantinis
1246 3011 1279 3075 p.
1307 2992 1348 3056 14
1372 3008 1443 3073 sqq.

404 3096 454 3163 De
477 3095 641 3161 diohronis
663 3094 869 3179 Heliodorus,
899 3096 954 3160 ubi
984 3095 1094 3162 docuit
1121 3095 1252 3181 longam
1281 3095 1443 3182 syllabam
1471 3114 1542 3161 cum

315 3203 404 3270 brevi
427 3203 460 3266 in
484 3221 582 3268 unam
605 3199 767 3288 syllabam
789 3222 849 3288 per
873 3202 1038 3286 synizesin
1058 3204 1145 3269 coire
1158 3223 1267 3289 posse,
1290 3203 1373 3268 haec
1389 3201 1544 3269 disseruit

316 3310 370 3393 (ol.
395 3307 606 3387 Studemund,
632 3312 691 3373 An.
717 3308 790 3373 Var.
813 3308 876 3374 vol.
900 3309 916 3373 1
941 3312 1015 3389 178,
1040 3314 1092 3388 81:

405 3431 532 3517 Μακρὰν
557 3434 662 3498 δὲκαὶ
686 3435 831 3519 βραχεῖαν
854 3437 888 3498 τδ
910 3434 1037 3500 ἐναντίον
1060 3440 1118 3515 (st.
1142 3432 1186 3507 εὶς
1209 3433 1342 3521 μακράν)

476 3541 608 3623 δαέρων
630 3537 739 3625 <ἢ>
761 3541 881 3622 γαλόων
903 3540 972 3618 <Ω
998 3542 1115 3619 769)

315 3646 358 3712 ὅτι
381 3648 466 3712 δὲτὸ
489 3654 514 3708 A
537 3651 655 3732 μακρόν
678 3646 752 3730 ἐστι,
778 3648 870 3731 δῆλον
892 3646 929 3712 ἐκ
951 3657 1004 3712 τοῦ

476 3754 567 3839 δαὴρ
589 3749 654 3818 αὖτ’
678 3752 751 3839 ἐμός
774 3752 843 3831 <Γ
871 3754 979 3831 180>

476 3857 725 3947 αὒτοαασὶγνρτον
746 3864 801 3924 καὶ
823 3862 934 3945 δαέρα
955 3860 1026 3938 <Ξ
1052 3863 1169 3939 156>

316 3966 362 4033 hu
385 3968 416 4032 δὲ
438 3965 505 4053 τὸῑ)

467 4072 586 4160 ’Ἕκτορ
609 4072 672 4161 ἐμῷ
696 4078 784 4162 θυμῷ
808 4074 943 4158 δαέρων
966 4072 1035 4151 <Ω
1061 4074 1170 4151 762>

282 4370 285 4377 .
409 4320 432 4390 ¹)
457 4322 510 4376 Pro
528 4320 555 4372 τδ
574 4326 745 4391 exspectares
764 4316 789 4370 iv
807 4326 850 4390 τῷ,
870 4322 918 4377 sed
935 4322 1008 4376 nihil
1026 4322 1192 4376 mutandum
1214 4338 1272 4377 esse
1289 4320 1389 4377 docent
1405 4321 1491 4376 rerba
1507 4318 1544 4381 a<

315 4410 343 4462 τὸ
361 4429 388 4480 p.
409 4411 469 4477 178,
490 4412 513 4465 1.
532 4410 575 4465 at.
597 4410 656 4475 179,
675 4411 720 4465 85.
757 4410 828 4465 Item
848 4410 1011 4466 Heliodorus
1028 4410 1059 4464 in
1077 4410 1117 4465 eis
1138 4410 1304 4481 fragmentis
1327 4427 1400 4479 quae
1423 4410 1545 4465 s‘erramt

317 4500 517 4556 Ohoerobnscus
536 4500 566 4553 in
585 4498 702 4569 Exegesi
730 4498 760 4553 in
786 4498 1001 4569 Hephaestionis
1025 4498 1197 4553 enchiridion
1224 4498 1273 4567 (ef.
1290 4497 1472 4564 Studemuud‚
1491 4499 1543 4553 Am

316 4589 382 4644 Var.
400 4588 414 4643 I
432 4588 468 4643 b0
485 4587 568 4656 sqq),
586 4588 617 4642 in
635 4587 758 4642 uersibus
777 4587 897 4643 citandis
914 4588 958 4643 his
976 4587 1122 4657 particulis
1139 4604 1205 4643 usus
1223 4590 1279 4643 est:
1297 4585 1333 4647 ὥς
1352 4585 1380 4639 si
1396 4606 1424 4657 p.
1442 4587 1486 4654 58,
1502 4587 1543 4642 lo.

315 4676 359 4728 sal
377 4675 405 4727 τὸ
423 4693 449 4745 p.
468 4678 512 4742 52,
532 4677 573 4730 17.
593 4677 636 4742 53,
655 4676 681 4733 a.
700 4673 735 4737 ὥς
754 4672 779 4726 ἓν
796 4680 832 4745 τῷ
850 4693 879 4745 p.
896 4677 940 4743 hl),
959 4677 984 4732 9.
1005 4677 1039 4730 13
1056 4693 1116 4745 sqq.
1134 4676 1178 4740 62,
1196 4676 1223 4731 4.
