3459 5200
805 382 866 446 123

310 576 384 660 103,
408 576 451 643 38
477 577 547 649 τοὺς
569 578 601 641 δὲ
623 578 755 649 πολλοὺς
777 574 859 650 οἶνος
882 572 969 649 οὗτός
993 599 1050 664 μου
1073 582 1181 665 τρέμει.

218 680 405 765 Legendum
428 689 492 749 est:
521 688 671 756 σοιἰτοος
692 686 724 749 δὲ
747 682 820 749 coll.
842 704 874 749 v,
898 685 951 749 36.

312 790 382 874 103,
405 790 450 857 60
475 793 531 864 τὰς
553 795 606 877 μὲν
629 792 725 871 γαλᾶς
748 787 855 875 ὁρῶσιν
879 787 930 856 οὖν
954 797 1126 878 σοννόμοος.

219 894 407 979 Lugendum
427 902 491 963 est:
516 892 567 963 οὖν
590 898 637 969 ὡς
660 902 820 983 σοννόμοος
842 896 916 964 ooli.
936 916 967 963 v.
989 899 1032 965 61

307 1008 504 1083 <πά>γας
527 1004 681 1087 βλέπουσιν
703 1000 820 1089 ὥσπερ
846 1002 956 1077 ἑστίας.

310 1110 383 1193 142,
410 1110 452 1177 10
479 1108 569 1197 εἰμὴ
592 1112 718 1175 λαλοῦσι
741 1112 849 1197 ψεῦδος
873 1108 900 1175 οἱ
921 1108 1152 1196 Ἀσνληοαάδαι

218 1213 408 1299 [legendum
421 1222 485 1283 est:
510 1218 639 1303 ψεῦδος
657 1212 934 1303 Ἀσκληπιάδαι
972 1216 1024 1283 De
1039 1215 1130 1281 biatu
1144 1214 1296 1282 evitando
1315 1212 1355 1279 ef.
1372 1215 1392 1295 ἕ
1409 1215 1449 1295 '13

217 1320 315 1387 tertia
346 1322 476 1406 syllaba
507 1322 597 1389 vonis
629 1322 852 1410 Ἀσκληπιάδαι
882 1330 892 1402 (
895 1356 1082 1375 ------
1106 1352 1112 1383 ι
1141 1354 1325 1372 -----
1329 1324 1342 1403 i
1372 1338 1445 1406 pro-

218 1426 346 1493 ‹iuuitnr
368 1428 544 1495 seeundum
567 1429 658 1513 leges
682 1428 724 1497 de
745 1429 908 1496 vocalium
930 1429 1256 1515 n1uprodnctione.

309 1534 430 1602 Versus
452 1538 506 1620 40,
523 1537 575 1604 73.
599 1538 652 1619 42,
668 1539 686 1603 'l
692 1540 719 1603 1.
743 1539 856 1621 8212
879 1536 1056 1603 emendare
1077 1557 1142 1602 non
1156 1536 1271 1615 ausim,
1294 1534 1447 1617 queniam

218 1640 269 1709 bis
292 1641 373 1708 loeis
397 1640 501 1708 eaden
525 1642 715 1727 Orypteusis
739 1643 835 1709 tineis
858 1644 955 1710 nimis
977 1642 1145 1709 mutilatus
1168 1650 1228 1709 est

307 1749 409 1815 loen.
434 1757 529 1834 etym.
554 1752 616 1817 167
642 1748 697 1831 (de
719 1770 800 1816 voce
823 1746 902 1827 obal:

307 1852 359 1929 οὖς
382 1854 424 1929 ὡς
446 1855 584 1943 ἄμοιροι)
607 1861 731 1945 πάμπαν
754 1854 860 1933 αἰτίας,

306 1962 364 2029 κᾶν
386 1985 432 2036 τις
454 1965 528 2051 βοῆς
551 1968 675 2051 μίμησιν
694 1962 837 2051 ’ἠχὼδοος
860 1968 945 2045 λέγει.

211 2068 405 2153 'Legendum
429 2076 494 2137 esi:
519 2064 610 2149 ,οὖς,
635 2067 735 2147 οὖας,
758 2070 819 2146 ὡςι
843 2070 957 2159 ἄμοιρα
977 2075 1102 2158 πάμπαν
1125 2068 1222 2143 αἰτίας

218 2176 238 2241 i.
261 2196 290 2243 e.
320 2176 419 2261 ,nulle
447 2176 573 2243 ratione
601 2178 826 2263 comprobatur
848 2177 982 2244 auribus
1006 2176 1245 2262 appellationes
1272 2172 1335 2250 οὓς,
1359 2171 1447 2249 οὖας,

217 2280 260 2354 ὦς
296 2282 485 2349 tribuendas
523 2302 606 2363 esse,
645 2286 707 2352 etsi
744 2292 819 2351 sunt
855 2284 911 2369 qui
943 2292 1058 2369 putent
1087 2282 1138 2349 bis
1169 2282 1447 2369 appellationibus

218 2387 403 2473 plangorem
440 2390 601 2473 quendam
638 2391 870 2475 strepitumque
907 2389 1065 2456 imitando
1103 2390 1260 2475 exprimi!
1309 2387 1360 2454 De
1391 2388 1443 2454 bis

216 2493 328 2562 formis
351 2495 391 2561 ef.
416 2497 634 2563 Herodianum
657 2498 690 2563 iu
715 2498 782 2563 ΕΜ
805 2500 881 2583 638,
905 2500 948 2565 54
976 2500 1028 2579 (=
1046 2496 1158 2564 Lentu.
1181 2495 1214 2560 Il
1236 2498 1312 2580 281,
1337 2498 1443 2579 8sqq.

217 2605 293 2682 903,
312 2605 351 2670 17
364 2624 434 2687 sqq.
462 2607 538 2688 921,
553 2607 682 2689 9sqq.):
714 2603 788 2680 οὖας
815 2607 952 2692 σημαίνοι
981 2610 1015 2670 τὸ
1044 2602 1106 2678 οὖς.
1152 2608 1235 2690 παρὰ
1260 2607 1295 2669 τὸ
1324 2600 1388 2669 αὔοι
1410 2607 1446 2668 τὸ

217 2718 308 2797 φωνῶ
334 2715 441 2793 γίνεται
469 2708 559 2785 αὔας·
591 2717 644 2776 καὶ
670 2726 766 2799 τροπῇ
795 2723 847 2778 τοῦ
875 2719 902 2771 Α
932 2710 974 2785 εἰς
1001 2718 1022 2771 0
1051 2709 1140 2785 οὖας.
1154 2762 1185 2779 ..
1217 2711 1254 2775 ἐκ
1280 2712 1314 2775 δὲ
1338 2714 1446 2777 sebeon

217 2817 323 2898 γίνεται
354 2821 433 2882 κατὰ
464 2818 616 2904 ἀποβολὴν
647 2829 698 2884 τοῦ
732 2825 752 2878 Υ
784 2819 840 2892 ὄας
870 2825 923 2884 καὶ
954 2823 1035 2884 κατὰ
1066 2830 1171 2903 κρᾶσιν
1201 2814 1255 2890 οὖς
1284 2820 1446 2884 καὶκατὰ

217 2921 336 3008 Δωριεῖς
358 2923 410 2998 ὡς.
811 2973 813 2978 ,

307 3036 402 3115 atym.
425 3031 491 3097 204
515 3030 569 3114 (de
591 3051 671 3098 voce
694 3029 788 3119 χείρ);

306 3147 403 3224 χεῖται
426 3138 458 3202 δὲ
480 3134 574 3222 ῥᾷστα
596 3144 664 3225 χεὶρ
688 3141 753 3226 ἔχει
776 3163 806 3204 τε
831 3141 861 3204 δὲ
885 3137 994 3224 ῥαδίως

216 3242 379 3328 Lagarde,
407 3255 506 3331 χεῖται
532 3247 563 3310 δὲ
591 3242 688 3330 ῥᾷστα
714 3251 788 3333 χεὶρ.
836 3249 901 3334 ἔχει
928 3269 961 3312 τε
987 3248 1019 3311 δὲ
1046 3244 1155 3331 pause
1182 3251 1214 3310 et
1240 3245 1274 3310 in
1297 3243 1445 3328 margine

216 3361 370 3436 κρατοῦσα
396 3350 468 3418 eod.
491 3352 565 3417 Vut.
591 3353 704 3418 Graec.
732 3356 827 3432 1269,
855 3365 936 3440 χεῖτε
962 3356 994 3418 δε
1016 3351 1110 3438 ροίστα
1131 3357 1198 3440 χεὶρ
1219 3359 1272 3417 καὶ
1294 3363 1446 3437 κρατεῖται

217 3453 328 3542 ῥαδίως
350 3456 420 3523 eod.
443 3457 515 3524 Vat.
541 3459 655 3527 Graec.
678 3461 754 3528 889.
800 3459 989 3544 Legendum
1013 3467 1077 3526 est:

306 3573 422 3652 ,χεῖταιι
446 3567 477 3632 δὲ
499 3563 596 3652 ῥᾷστα
619 3571 703 3654 ,χεὶρι
728 3569 812 3654 ,ἔχειι
835 3589 870 3633 τε
892 3564 1010 3652 ῥαδίως.

218 3670 266 3736 Ol.
289 3671 447 3736 Soranum
471 3672 646 3757 Ephesium
674 3672 834 3740 medicum
863 3673 1081 3758 etymolognm
1109 3674 1142 3738 in
1171 3673 1307 3738 Dissert
1329 3670 1442 3756 philol.

216 3777 422 3861 Argentorat.
447 3779 557 3848 selant.
584 3780 648 3848 vol.
674 3779 750 3844 VlIl
777 3779 961 3863 (Argentor.
989 3782 1088 3860 1888)
1116 3801 1147 3864 p.
1172 3781 1235 3846 251
1247 3799 1295 3862 sq.
1324 3790 1441 3866 χεῖροςι

223 3883 304 3972 ...ἢ
326 3887 407 3973 χειαί
428 3893 503 3959 τινές
526 3885 606 3964 εἰσιν,
629 3886 689 3953 οἷον
713 3889 891 3975 χορητικαί,
914 3892 997 3974 παρὰ
1020 3893 1055 3952 τὸ
1074 3883 1146 3972 ῥᾷον
1162 3889 1299 3974 χεῖσθαι·
1321 3885 1342 3972 ἢ
1362 3888 1444 3971 παρὰ

217 3997 250 4058 τὸ
270 3991 350 4079 ἴσχω
372 3997 407 4058 τὸ
430 4005 538 4078 κρατῶ,
562 3991 581 4080 ἡ
606 3993 768 4081 ἐπιτήδειος
790 3999 866 4079 πρὸς
887 4000 920 4061 τὸ
943 4006 1069 4080 κρατεῖν.

330 4155 350 4234 ὅ
375 4154 404 4219 2.
449 4153 505 4219 De
532 4154 679 4220 senarii
707 4155 866 4222 iambici
897 4155 1100 4222 clausulae
1128 4160 1333 4222 structura.

305 4275 462 4362 Iguuium,
487 4277 700 4361 Theodosius,
724 4277 982 4364 Christopborus,
1006 4279 1144 4345 Ioannes
1164 4277 1439 4363 paenultimam

217 4383 362 4449 senarii
408 4384 599 4468 syllabam
645 4395 808 4451 accentu
849 4387 1105 4470 grammatico
1151 4384 1440 4469 insigniendum
1494 4434 1497 4443 .

217 4489 312 4556 enixe
335 4499 536 4558 curaverunt.

217 4599 425 4608 ξω..-

177 4667 190 4686 ⁶
309 4649 329 4718 ¹)
356 4651 421 4707 Cod.
436 4652 500 4706 Vat.
515 4652 610 4707 Graec.
625 4653 685 4718 889,
705 4653 843 4722 Lagardm
868 4647 910 4714 οὓς
929 4647 964 4714 ὡς
983 4651 1076 4723 ἄμοιρα
1093 4653 1151 4708 nod.
1165 4653 1230 4708 vat„
1249 4653 1344 4710 Graec,
1361 4653 1438 4707 1269,
