3459 5200
934 311 975 373 88

849 400 1052 408 -ffl

365 523 395 584 et
410 518 581 603 penatibus
606 518 751 585 maara
776 518 935 603 armostai
1011 516 1145 602 hospita
1167 516 1340 602 Scipiones,
1367 518 1510 585 Veneriis
1529 540 1584 585 sa·

365 636 496 697 serratas
506 628 621 716 Pythii
631 630 788 716 Apoiiiais
809 631 935 697 monita
1010 629 1075 696 orie
1094 629 1252 713 famatam
1277 635 1324 698 est
1349 632 1461 697 monas
1481 631 1583 698 Iatia.

367 742 560 809 Pessiaaute
581 742 761 810 mcersitarn
775 742 865 809 aaa
880 764 933 809 ere·

366 854 429 941 cipi
449 854 556 923 voleat.

324 969 368 1036 IX
385 973 399 1035 1
419 974 484 1037 ert.
503 972 535 1036 1:
562 969 608 1034 At
624 968 787 1053 Compara
800 966 935 1035 lacuaria
968 971 981 1034 I
1002 969 1092 1048 47,1:
1129 977 1187 1033 a'ec
1207 966 1378 1033 mirumst
1398 973 1428 1033 te
1448 968 1505 1035 aa
1525 990 1586 1035 ora

360 1102 517 1166 perquam
544 1080 634 1147 utitis
659 1086 786 1147 rostrae
812 1080 934 1147 cioitat'
1012 1084 1112 1146 totam
1132 1078 1194 1145 eibi
1213 1078 1365 1163 meimet,
1387 1101 1459 1146 cam
1474 1080 1587 1165 meson

365 1191 447 1277 fait:
487 1192 681 1260 inuictam
716 1193 803 1259 euim
834 1192 935 1259 armis
1012 1191 1319 1274 Haaaitatcmfidee
1339 1198 1425 1259 certa
1444 1190 1488 1259 sit
1508 1192 1586 1258 bello

368 1304 583 1373 Honaaoam
596 1305 757 1372 inlecebris
771 1304 840 1372 sais
860 1327 933 1371 eoa-
1011 1304 1206 1371 invictam
1225 1324 1344 1371 maus
1357 1303 1476 1373 dedisse
1488 1304 1585 1373 Cam·

362 1419 460 1503 pterea
473 1418 664 1486 memoriam
679 1418 825 1485 Ranae
838 1418 935 1485 mata
1006 1417 1136 1501 porciae.

367 1531 509 1598 tradidit.
1289 1596 1293 1601 .

325 1646 448 1725 Diti:
463 1644 503 1712 L.
517 1642 626 1711 Sutia.
641 1663 762 1711 ..ream
775 1642 810 1710 0.
822 1642 934 1725 Marii,
969 1644 1013 1709 IX
1030 1645 1137 1724 115,1:
1159 1663 1206 1709 aa
1226 1664 1281 1728 eqo
1300 1642 1586 1726 istatferammo·

267 1766 269 1770 '
366 1757 459 1823 aeirus
472 1755 531 1823 etsi
540 1760 648 1843 postea
662 1756 768 1839 hostie,
791 1761 936 1841 quaestor
1013 1754 1096 1837 teste,
1118 1754 1176 1837 qao·
1195 1754 1339 1822 rsooerim
1360 1755 1588 1823 Marcellorum

367 1875 473 1936 tamea
493 1869 665 1952 atiqaaado
684 1869 802 1953 fremat,
830 1874 936 1936 erutos
1011 1872 1219 1935 monumenta
1236 1867 1359 1935 subtom
1377 1866 1472 1934 Verre
1486 1891 1587 1953 prae-

367 1981 487 2047 ciaeres
508 1980 547 2047 ia
557 1980 696 2048 Auieais
709 1981 831 2048 aaaron
845 2004 934 2066 spar-
1014 1986 1079 2047 tore
1109 1984 1140 2047 et
1163 1978 1328 2047 Marianis
1360 1978 1495 2067 tropaeis
1526 2002 1587 2048 ae-

367 2093 417 2163 sit.
463 2096 510 2162 Ci.
534 2097 657 2161 Lucan.
680 2096 707 2161 Π
732 2097 793 2161 174
815 2117 888 2180 sqq.
1012 2112 1172 2177 quamam
1192 2113 1310 2159 maus
1330 2089 1458 2159 invidas
1470 2116 1587 2179 peper-

1014 2207 1099 2273 cisse.
1136 2208 1252 2287 Attuli,
1275 2228 1478 2291 quamquam
1492 2210 1588 2275 haue

1013 2322 1243 2387 narrationem
1270 2321 1484 2387 obversatam
1505 2342 1588 2389 esse

1012 2434 1214 2518 Symmacho
1223 2433 1405 2501 verisimile
1415 2452 1486 2501 nou
1495 2434 1588 2502 duco

1014 2545 1070 2629 (cf.
1093 2568 1125 2632 p.
1147 2548 1214 2630 20).

726 2781 809 2846 XXI.
855 2778 1016 2846 Plinius
1044 2780 1184 2846 maior.

416 2943 509 3028 Opus
533 2946 622 3028 quod
646 2945 736 3011 haud
760 2946 830 3010 scio
852 2965 897 3010 an
921 2945 986 3009 illis
1008 2944 1217 3027 temporibus
1244 2943 1452 3011 rarissimum
1483 2949 1589 3014 tuerit

330 3061 572 3123 commemorat
595 3058 629 3123 S.
652 3059 693 3122 1v
718 3057 803 3136 18‚5:
838 3054 954 3136 enitar,
976 3054 1005 3120 si
1025 3055 1092 3139 fors
1114 3059 1219 3121 votum
1241 3054 1336 3137 iuuet,
1358 3055 1453 3121 etiam
1475 3057 1590 3123 Pliaii

328 3167 467 3234 Secaadi
492 3167 728 3234 Germanica
748 3167 846 3234 betta
866 3165 1060 3251 conquirere.
1097 3169 1328 3235 Historiam
1351 3172 1587 3238 naturalem

330 3287 435 3347 totam
459 3303 534 3348 eum
556 3280 752 3366 possedisse
775 3285 808 3347 et
830 3281 981 3348 Ausonio
1004 3280 1139 3349 misisse
1167 3301 1269 3365 supra
1297 3283 1366 3348 dixi
1400 3283 1454 3366 (ef.
1477 3305 1510 3367 p.
1534 3286 1589 3368 2)3

328 3395 395 3460 iam
419 3400 602 3479 sequantur
625 3395 689 3460 loci
713 3415 797 3478 quos
821 3396 1043 3477 exscripsisse
1066 3414 1143 3460 eum
1164 3393 1345 3461 verisimile
1368 3398 1429 3461 est.

329 3552 441 3618 11159:
462 3549 612 3635 oppidrcm
625 3548 775 3616 Formiae
786 3549 939 3617 Hamae
955 3551 959 3606 t
973 3554 1044 3619 Vlll
1062 3553 1150 3631 232:
1168 3549 1370 3636 principiam
1390 3550 1590 3636 uoluptatum

371 3662 500 3744 dictita,
516 3667 553 3728 at
568 3662 794 3746 existimavere,
804 3663 941 3746 aritiam
1017 3664 1054 3730 de
1064 3663 1241 3731 Formiareo
1251 3663 1329 3731 aaa
1338 3663 1494 3748 amotam,
1505 3683 1592 3748 qaae

371 3776 628 3861 Laestrppoaam
659 3777 753 3843 sedes.
799 3779 847 3844 Cf.
872 3779 938 3844 Cio.
1018 3776 1129 3843 ciuitas
1149 3777 1309 3859 eamdam
1330 3776 1592 3864 Laesopporram

372 3892 416 3956 ad
438 3891 505 3955 Att.
528 3890 555 3954 ΙΙ
580 3891 650 3970 132
684 3891 729 3974 (p.
757 3892 821 3974 ti).
858 3892 939 3956 Hor.
1012 3889 1128 3974 poprie
1137 3888 1244 3973 fertur
1254 3887 1592 3957 habitatahosveatri

375 4004 593 4083 c.1111a,17.
639 4005 694 4068 Vll
715 4005 749 4070 9:
777 4023 841 4068 esse
863 4002 940 4087 Sca}-
1018 4008 1048 4068 et
1065 4002 1160 4089 quiae
1180 4023 1279 4085 maroe
1306 4003 1349 4068 ad
1371 4001 1513 4086 feritatis
1533 4003 1591 4072 ia-

374 4113 503 4180 tharara
521 4135 640 4201 ponera
654 4119 684 4180 et
698 4111 822 4198 quidem
831 4113 941 4199 ptura,
1019 4114 1138 4181 citiam
1159 4113 1291 4201 ῑεφὶηιῑιε
1312 4115 1506 4203 obsecutos.¹)

372 4247 452 4309 arcae
473 4225 651 4311 corporibus
672 4225 823 4292 hromaais
844 4249 941 4293 vesce-

373 4343 497 4421 reatar,
520 4337 742 4408 iudicauimus.
779 4336 814 4407 a
835 4329 941 4425 ipsam

420 4617 440 4688 ι)
458 4617 560 4672 Dubito
584 4633 620 4670 an
644 4617 739 4672 nullus
761 4617 916 4673 inveniatur
941 4617 1028 4681 loeus,
1056 4633 1112 4688 quo
1139 4617 1230 4671 miuus
1253 4622 1408 4688 opportune
1434 4619 1596 4677 doctrinam

332 4721 411 4762 suam
428 4705 514 4762 iactet
531 4705 722 4776 Symmachus.
