3459 5200
691 589 751 656 115

127 796 332 879 petasum,
361 797 396 863 in
424 801 545 883 quibus
573 800 628 866 lixi
658 806 797 867 manent
824 800 853 866 οί
874 796 1099 886 περιεχόμενοι,
1129 797 1301 866 variantur

127 900 160 965 οἱ
181 900 387 987 περιέχοντες.

217 1004 394 1092 Δελυμένον
427 1008 636 1073 sollemniter
673 1027 865 1075 sermonem
904 1006 1183 1090 dithyrambicum
1220 1007 1302 1071 dicit

126 1110 272 1173 Proclus
310 1111 432 1177 chrest.
465 1132 497 1193 p.
531 1112 611 1192 945,
645 1114 665 1176 9
699 1132 772 1195 sqq.
809 1112 874 1194 (ed.
909 1112 1084 1193 Westphal
1118 1111 1152 1175 in
1187 1111 1300 1192 script.

126 1216 228 1278 metr.
256 1234 365 1296 graec.
394 1215 420 1297 l)
453 1212 567 1298 Φρῦνις
594 1215 630 1279 δὲ
658 1212 675 1279 ὁ
702 1214 909 1300 Μυτιληναῖος
939 1209 1180 1300 ἐκαινοτόμησεν
1208 1210 1300 1277 αὐτόν

126 1316 193 1395 (sc.
224 1314 278 1382 τὸν
307 1313 430 1402 νόμον)·
466 1316 512 1383 τό·
535 1340 570 1383 τε
600 1318 662 1404 γὰρ
700 1317 867 1404 ἑξάμετρον
906 1318 949 1403 τῷ
976 1316 1135 1404 λελυμένῳ
1171 1316 1298 1401 συνῆψε.

127 1418 206 1497 Quo
221 1422 264 1485 ab
281 1426 418 1486 auctore
434 1422 544 1503 primo
567 1422 651 1487 haec
669 1422 854 1505 repetenda
872 1422 949 1500 sint,
968 1421 1057 1504 quod
1076 1420 1189 1499 seiam,
1205 1420 1300 1501 iguo·

128 1527 233 1588 ratur.
269 1526 392 1590 Verum
410 1524 655 1608 antiquissimis
675 1529 712 1590 ut
732 1526 768 1590 in
790 1525 844 1589 his
868 1526 968 1591 rebus
991 1524 1200 1607 temporibus
1224 1542 1300 1587 eum

130 1626 237 1692 luisse
259 1628 399 1695 efficitur
422 1646 463 1692 ex
485 1628 660 1693 enuntiato
683 1627 916 1711 subsequenti:
940 1622 1095 1712 Τιμόθεος
1116 1626 1151 1689 δὲ
1174 1624 1300 1710 ὕστερον

126 1729 172 1807 εἰς
193 1729 250 1814 την
271 1730 334 1796 νῦν
356 1728 449 1795 αὐτὸν
470 1729 575 1816 ἤγαγε
595 1728 689 1811 τοὶξιν.
733 1731 825 1797 Idem
848 1730 927 1809 lere,
952 1731 1041 1813 quod
1064 1729 1119 1795 hic
1138 1730 1300 1813 Phrynidi

125 1834 295 1913 tribuitur,
318 1836 499 1901 Timotheo
527 1836 675 1901 vindicat
696 1834 892 1925 Heraclides
920 1835 1097 1911 Ponticus,
1128 1834 1184 1916 qui
1211 1835 1299 1916 apud

124 1937 288 2003 Ps.·Plut.
312 1939 353 2003 de
376 1959 461 2003 mus.
483 1940 505 2003 4
525 1959 558 2021 p.
582 1939 611 2017 7,
636 1940 674 2003 lt
705 1938 770 2020 (ed.
795 1938 937 2021 Volkm.)
960 1938 1044 2003 haec
1070 1938 1167 2005 dicit:
1190 1936 1236 2003 ὅτι
1264 1939 1300 2003 δὲ

125 2039 158 2103 οἱ
179 2041 388 2126 κιθαρῳδικοὶ
412 2037 500 2129 νόμοι
531 2042 561 2107 οί
590 2041 719 2106 παλαιοὶ
751 2040 784 2120 ἐξ
812 2041 895 2106 ἐπῶν
922 2040 1110 2125 συνίσταντο,
1144 2037 1300 2127 Τιμόθεος

125 2140 280 2228 ἐδήλωσε·
301 2146 373 2223 τούς
391 2146 466 2231 γοῦν
488 2142 629 2231 apoteca<
649 2140 762 2231 νόμους
783 2145 816 2209 ἐν
836 2145 924 2211 έπεοι
944 2143 1128 2231 διαμιγνύων
1147 2144 1298 2230 διθυραμ-

125 2246 221 2333 βιιιην
235 2246 315 2326 λέξιν
329 2246 405 2333 ribei
427 2247 496 2314 κτλ.
533 2248 685 2314 Eandem
701 2246 782 2325 λέξιν
798 2246 1028 2334 διθυραμβικην
1047 2269 1080 2331 p.
1103 2250 1133 2326 s,
1152 2250 1190 2313 11
1208 2249 1298 2328 dicit,

126 2372 205 2416 cum
227 2356 378 2417 veterum
398 2357 575 2435 poetarum
597 2352 688 2418 velut
701 2351 903 2434 Amphionis
924 2350 1001 2415 Lini
1017 2356 1204 2417 ceterorum
1219 2350 1299 2429 λέξιν

123 2452 164 2519 οὐ
196 2452 366 2539 λελυμένην
399 2455 476 2519 είναι
504 2504 511 2519 .
536 2506 543 2520 .
568 2505 575 2519 .
603 2456 658 2519 καί
681 2453 790 2540 μέτρον
816 2446 876 2519 οὐκ
904 2454 1041 2539 έχουσοιν
1069 2455 1183 2533 docet,
1213 2476 1297 2539 quae

123 2558 231 2624 rerba
247 2559 476 2644 Westphalius
493 2560 515 2625 l.
532 2579 559 2625 c.
576 2580 608 2644 p.
624 2559 667 2624 36
683 2579 803 2643 parum
823 2564 900 2642 apte
919 2558 960 2623 de
979 2558 1132 2626 oratione
1147 2559 1297 2644 pedestri

125 2664 369 2747 interpretatus
392 2667 453 2728 est
497 2663 582 2728 Nam
605 2668 642 2729 ut
664 2663 853 2729 orationem
875 2664 1069 2746 pedestrem
1098 2663 1223 2730 diserte
1246 2684 1297 2730 re-

125 2767 247 2846 futare,
269 2787 311 2830 ne
332 2766 409 2850 plus
432 2765 552 2844 dicam,
574 2765 756 2832 molestum
784 2770 872 2844 erat,
901 2767 947 2830 ita
977 2770 1095 2831 contra
1123 2767 1297 2850 antiquum

124 2889 258 2935 morem
280 2869 427 2936 heroicis
450 2869 603 2936 versibus
633 2871 781 2937 vinctum
810 2889 973 2935 novorum
1003 2870 1178 2935 hominum
1207 2891 1297 2935 som-

126 2973 196 3038 niis
231 2973 353 3040 iustum
387 2993 564 3038 numerum
601 2973 847 3056 neglegentium
888 2971 1012 3058 (μέτρον
1044 2969 1104 3038 οὐκ
1137 2974 1295 3058 ἔχουσαν),

124 3077 169 3141 de
191 3078 311 3160 quibus
333 3077 434 3159 paulo
457 3077 546 3142 infra
572 3077 721 3142 dicturus
745 3081 826 3156 erat,
849 3077 1017 3160 opposuit.
1068 3078 1120 3142 Ab
1147 3077 1200 3142 his
1224 3097 1294 3142 non

124 3182 226 3263 longe
252 3181 380 3246 recedit
405 3182 540 3263 ignotus
575 3181 696 3247 scholii
730 3181 813 3262 (RV)
847 3180 891 3245 ad
918 3180 1090 3263 Aristoph.
1118 3201 1188 3246 ran.
1215 3182 1296 3246 1309

123 3289 260 3365 auctor,
294 3287 351 3370 qui
377 3286 421 3351 ad
449 3306 525 3352 eum
551 3307 699 3365 versum,
734 3307 755 3351 a
782 3306 848 3368 quo
875 3285 1031 3370 Aeschyli
1058 3284 1225 3350 canticmn
1253 3284 1297 3349 ad

123 3389 295 3472 Euripidis
326 3388 406 3475 μέλη
434 3390 642 3456 traducenda
670 3389 725 3472 (cf.
748 3410 820 3454 ran.
847 3391 942 3474 1330)
969 3390 1137 3472 prolatum
1164 3387 1296 3454 initium

124 3490 227 3574 capit,
246 3492 330 3556 haec
344 3493 500 3558 adnotat:
523 3490 751 3577 χαρακτηρίζει
771 3490 811 3555 τοὶ
824 3490 994 3576 Εὐριπίδου
1012 3490 1091 3578 μέλη
1110 3489 1151 3569 de
1169 3490 1295 3556 ἐκλελυ-

123 3593 213 3679 μένα.
257 3596 355 3660 Haud
377 3596 448 3660 scio
475 3615 519 3660 an
547 3597 631 3660 haec
657 3595 836 3672 vocabula,
866 3615 951 3679 quae
981 3595 1063 3660 alias
1094 3595 1137 3661 ad
1167 3616 1296 3662 sermo·

122 3719 204 3764 nem
231 3699 423 3781 pedestrem
454 3699 640 3781 pertinent,
674 3699 715 3764 de
744 3699 965 3781 dithyrambis
991 3703 1152 3782 usurpata
1174 3699 1295 3765 cohae-

121 3807 222 3867 reant
256 3821 330 3866 cum
364 3804 495 3868 illorum
523 3802 706 3881 sententia,
736 3801 792 3886 qui
814 3803 905 3867 velut
933 3803 1188 3885 Theophrastus
1212 3804 1293 3886 (Cic.

122 3906 166 3971 de
195 3924 244 3971 or.
271 3906 313 3970 ΠΙ
337 3907 390 3986 48,
423 3908 495 3988 185)
526 3907 814 3990 dithyramborum
842 3906 976 3971 dicendi
1007 3927 1112 3988 genus
1141 3907 1294 3990 proxime

121 4010 245 4075 abesse
267 4029 288 4073 a
310 4011 421 4076 soluta
442 4010 596 4075 oratione
618 4010 936 4076 animadverterunt.
977 4011 1194 4094 Antiquiores
1217 4031 1293 4076 esse

122 4111 318 4178 huiusmodi
337 4113 525 4177 locutiones
548 4116 639 4177 certo
661 4112 745 4178 artis
767 4112 931 4178 vocabulo
955 4109 1181 4199 ἀπολελυμένα,
1205 4114 1294 4199 quod

122 4215 295 4281 interioris
324 4216 444 4280 aetatis
478 4215 649 4281 dividendi
682 4215 796 4281 omnia
830 4221 863 4280 et
896 4217 930 4280 in
965 4217 1091 4281 classes
1120 4217 1293 4300 digerendi

121 4319 273 4386 studium
296 4321 394 4402 sapit,
417 4318 525 4403 quivis
548 4319 648 4396 videt,
677 4320 737 4384 sed
759 4320 802 4384 ad
825 4320 890 4385 hoc
913 4319 1128 4402 potissimum
1151 4321 1292 4404 seligen-

120 4424 202 4490 dum
227 4421 382 4488 nonnihil
404 4423 549 4488 valuisse
571 4423 736 4490 videntur.

208 4526 424 4592 Grammatici
446 4527 666 4592 Alexandrini
690 4547 764 4594 cum
788 4527 989 4594 immensam
1010 4527 1184 4594 nominum
1207 4529 1293 4594 mul·

119 4630 301 4698 titudinem
333 4629 614 4713 philosophorum
646 4631 860 4713 potissimum
895 4633 1080 4715 categorias
1116 4633 1220 4697 secuti
1257 4634 1292 4698 in
