3459 5200
975 390 1019 460 20

383 587 532 654 hamram
553 611 590 653 cc
612 591 780 656 achram:
803 587 912 655 aliena
935 597 968 655 et
990 596 1124 690 externa
1147 609 1205 675 pro
1227 589 1347 656 vilibus
1374 588 1474 656 habet
1501 597 1534 656 et
1557 609 1606 668 ea,

383 715 467 778 quae
489 718 585 780 nepae
607 699 687 763 burm
710 702 784 762 sunt
804 717 901 780 aeque
922 699 1013 777 nacla,
1043 696 1250 763 accessiones
1277 696 1426 763 minimas
1450 718 1490 762 ae
1512 697 1608 764 levis-

384 801 484 868 simas
507 802 639 870 iudicat.
665 823 758 869 omne
782 803 866 869 enim
889 801 937 867 illi
963 804 1082 869 bonum
1109 803 1142 868 in
1169 807 1273 870 caitae
1301 810 1359 873 est.
1388 805 1448 890 Ep.
1474 807 1525 872 76.
1552 809 1609 872 ll:
1699 820 1700 829 ’

384 909 417 974 Si
441 929 534 975 omne
557 909 590 974 iu
614 913 718 976 aniano
740 911 859 976 bonum
883 916 946 988 est,
971 909 1123 994 quicquid
1147 909 1237 975 illum
1261 910 1437 996 confirmat,
1470 912 1608 996 extollit,

384 1015 570 1101 amplificat,
585 1018 704 1083 bonum
721 1025 779 1084 est.
794 1016 872 1082 ibid.
890 1021 940 1085 76.
959 1019 997 1084 18
1013 1038 1075 1100 sq.;
1091 1020 1143 1084 lii.
1157 1020 1215 1084 21:
1235 1018 1396 1103 Sequitur,
1408 1025 1452 1102 ut,
1467 1039 1551 1102 qnae
1565 1021 1611 1084 ab

384 1122 572 1190 inconsultis
595 1145 695 1210 saepe
719 1131 973 1206 contemnuntur,
988 1124 1221 1209 asapientibus
1242 1145 1379 1210 semper,
1399 1146 1440 1192 ea
1457 1148 1513 1192 occ
1530 1127 1611 1192 bono

383 1228 448 1294 sint
477 1252 533 1296 acc
563 1235 653 1297 mulo.
687 1251 782 1296 uncum
810 1251 888 1314 ergo
915 1233 1033 1297 bonum
1063 1231 1137 1316 ipsa
1164 1231 1265 1296 virtus
1298 1239 1358 1300 est.
1387 1233 1446 1318 Ep.
1472 1235 1525 1302 95.
1548 1236 1608 1300 35:

383 1336 489 1403 sciant
516 1339 623 1404 omnia
651 1347 781 1424 praeter
807 1339 956 1405 virtutem
985 1346 1110 1402 mutare
1137 1358 1265 1417 nomen,
1294 1339 1390 1404 modo
1414 1341 1497 1405 caclo
1525 1339 1609 1416 fieri,
1705 1426 1706 1433 ἵ

382 1444 477 1510 modo
502 1447 589 1512 bonu.
614 1448 672 1512 43:
695 1444 819 1510 Eadem
843 1453 900 1510 aut
922 1449 1025 1529 turpia
1048 1453 1122 1511 sunt
1145 1452 1201 1512 aut
1222 1448 1361 1512 bonerto:
1380 1445 1486 1531 reiert,
1506 1467 1611 1530 quare

382 1558 439 1616 aut
462 1552 731 1637 quemadmodum
754 1551 842 1616 iiant.
868 1552 909 1618 de
933 1552 1036 1618 benef.
1053 1554 1112 1620 16.
1128 1555 1163 1633 23
1184 1553 1245 1637 Ep.
1260 1555 1313 1620 98.
1329 1555 1365 1619 2:
1385 1562 1494 1618 errant
1514 1554 1612 1638 enim,

253 1734 255 1738 ¹
382 1659 496 1741 Lucili,
521 1661 576 1744 qui
600 1667 656 1726 aut
679 1662 749 1725 boat
772 1658 896 1742 aliquid
919 1659 1014 1724 nohis
1038 1665 1094 1723 aut
1116 1661 1191 1724 carali
1213 1658 1358 1724 iudicant
1380 1660 1523 1728 tribuere
1546 1660 1613 1728 for·

382 1775 508 1833 tunam:
538 1768 707 1833 materiam
731 1765 789 1831 dat
811 1769 960 1833 bonomia
984 1789 1021 1831 uc
1044 1768 1196 1832 ritmorum
1219 1774 1252 1831 et
1275 1766 1368 1831 initia
1390 1787 1495 1833 rerum
1520 1769 1613 1854 apud

383 1895 442 1941 nos
470 1875 503 1939 in
531 1874 650 1940 malum
674 1875 834 1939 bonumve
857 1874 1064 1939 exiturarum.
1087 1873 1248 1938 valentior
1268 1874 1354 1939 enim
1374 1875 1458 1939 omni
1478 1875 1613 1942 fortuna

381 1986 505 2048 unimus
528 1990 586 2048 est.
612 1983 670 2066 llp.
694 1983 746 2048 99.
772 1985 822 2048 1‘2.
847 2018 890 2028 -
914 1982 974 2066 Ep.
997 1984 1070 2048 lil.
1091 1985 1127 2045 9:
1153 1980 1187 2045 id
1211 1988 1319 2046 autem
1343 1980 1484 2048 medinm
1508 1991 1612 2067 atque

382 2088 569 2156 indifferens
592 2109 755 2172 vocamus,
769 2087 855 2171 quod
879 2094 946 2152 tam
970 2090 1050 2153 racio
1074 2088 1261 2172 contingere
1284 2108 1380 2172 quam
1402 2091 1613 2174 boaopossit,

382 2205 545 2280 tamquam
569 2196 716 2281 pecunia,
741 2193 853 2274 forma,
877 2197 1025 2260 nobilitas.
1061 2194 1105 2259 ad
1137 2195 1250 2279 Polyb.
1283 2195 1324 2260 de
1357 2197 1476 2262 consol.
1509 2198 1557 2262 IX
1573 2200 1612 2265 5:
1714 2248 1715 2265 a

382 2305 500 2371 Omnia
523 2305 587 2370 ista
611 2305 705 2387 bona,
729 2323 812 2386 quae
835 2322 895 2367 nos
920 2301 1069 2387 speciosa
1093 2302 1151 2367 sed
1175 2301 1287 2367 fallaci
1310 2303 1477 2389 voluptate
1501 2303 1613 2370 deice·
1715 2350 1716 2353 κ

381 2418 462 2494 tant,
486 2412 632 2497 pecunia,
652 2410 805 2494 dignitas,
818 2413 957 2495 potentio
979 2409 1110 2492 aliaque
1133 2409 1300 2494 complura
1397 2431 1470 2476 cum
1493 2411 1613 2478 labore

380 2518 596 2605 possidentur.
632 2518 689 2603 Ep.
721 2519 794 2585 118.
819 2521 878 2600 113
913 2518 964 2583 31.
986 2518 1068 2602 3‚o;
1097 2519 1293 2600 82.13‚14;
1317 2519 1369 2584 87.
1392 2520 1452 2601 253
1476 2520 1530 2586 95.
1555 2521 1614 2586 59.

966 2754 1017 2832 Il.

406 2890 673 2974 Philosophiam
699 2887 927 2955 hrruacanam
951 2890 1124 2973 quomodo
1148 2888 1293 2956 Tacitus
1316 2889 1361 2957 ad
1386 2890 1578 2958 historiam

722 3015 1011 3083 conscribendam
1035 3013 1262 3098 applicuerit.

469 3161 628 3239 Quoniam
653 3160 760 3226 adhuc
782 3182 848 3227 rem
874 3160 921 3225 ita
945 3160 1168 3239 tractavimus,
1196 3167 1232 3226 ut
1259 3160 1408 3227 Tacitum
1436 3180 1490 3241 ea,
1519 3182 1615 3245 quae

381 3269 452 3355 ipse
475 3270 508 3334 in
531 3270 627 3335 rebus
651 3266 694 3331 ad
722 3266 960 3353 philosophiam
987 3268 1221 3352 pertinentibus
1249 3268 1395 3352 senserit,
1418 3288 1436 3333 e
1460 3268 1616 3336 Senecae

381 3376 528 3441 doctrina
552 3382 729 3439 mutuatum
753 3394 826 3439 esse
849 3373 1046 3459 doceremus,
1070 3381 1272 3440 transeamus
1294 3395 1379 3439 nunc
1401 3394 1450 3459 eo,
1465 3382 1508 3459 ut,
1527 3397 1615 3459 quo·

380 3483 476 3549 modo
500 3480 740 3568 philosophiam
764 3481 911 3548 Senecae
939 3482 982 3546 ad
1011 3480 1179 3547 historiam
1207 3481 1473 3573 conscribendam
1500 3490 1615 3550 trans-

380 3590 497 3675 tulerit,
530 3589 706 3655 videamus.
757 3589 848 3655 Adeo
882 3589 967 3654 enim
998 3590 1144 3655 Senecae
1175 3595 1351 3674 praecepta
1379 3589 1617 3675 philosophiae

379 3698 511 3765 veritati
533 3697 738 3783 respondent,
761 3704 797 3763 ut
819 3698 963 3781 Tacitus,
987 3697 1177 3779 ubicumque
1195 3696 1253 3761 illa
1267 3696 1403 3762 historia
1417 3696 1617 3766 confirmata

380 3806 594 3892 intellexerat,
617 3808 659 3873 iis
682 3814 832 3887 uteretur,
862 3808 979 3890 quibus
1007 3807 1175 3872 historiam
1204 3807 1379 3873 secundum
1408 3828 1478 3874 eam
1507 3826 1616 3888 quam

379 3914 547 3999 profitetur
578 3935 682 3981 renum
716 3914 958 3981 scribendarum
989 3914 1148 3981 rationem
1180 3914 1362 3982 adornaret.
1408 3916 1477 3982 Nee
1500 3913 1615 3981 solum

380 4021 457 4105 quid
497 4021 641 4089 homines
680 4024 806 4106 egerint
839 4022 980 4105 quidque
1013 4022 1162 4088 ellectum
1198 4023 1253 4102 sit,
1286 4022 1450 4108 explicare
1487 4022 1615 4111 studet,

380 4150 490 4196 verum
514 4130 620 4215 etiam,
644 4130 760 4213 quibus
792 4131 901 4195 causis
930 4136 962 4193 et
990 4130 1168 4194 animorum
1200 4130 1338 4196 motibus
1370 4128 1517 4214 perducti
1550 4130 1613 4196 ho-

379 4237 482 4303 mines
507 4236 550 4301 ad
573 4257 626 4303 res
650 4236 797 4319 agendas
820 4236 1028 4303 accesserint.
1057 4234 1216 4312 Quoniam
1235 4237 1319 4303 enim
1337 4236 1439 4301 multa
1457 4238 1491 4302 iu
1508 4238 1613 4305 rebus

380 4343 528 4411 humanis
552 4344 655 4430 prima
679 4344 788 4429 specie
812 4344 908 4409 aliter
932 4350 1090 4427 apparent
1112 4350 1210 4427 atque
1230 4352 1314 4430 sunt,
1327 4346 1379 4410 vel
1394 4344 1611 4430 praecipuum

378 4471 493 4518 munus
517 4472 621 4518 rerum
645 4452 811 4537 scriptoris
843 4472 917 4517 esse
946 4451 1071 4517 censuit
1094 4451 1205 4516 intima
1228 4452 1405 4519 animorum
1429 4450 1611 4539 recludere,

379 4557 492 4625 tollere
515 4558 707 4646 velamenta,
730 4560 901 4626 veritatem
923 4557 1122 4645 patefacere.
1155 4560 1356 4627 Uberrimam
1379 4567 1487 4629 autem
1508 4559 1612 4629 huius

377 4664 611 4755 psychologiae
626 4668 793 4734 materiam
811 4668 955 4735 Senecae
970 4686 1070 4754 opera
1090 4666 1133 4732 ad
1151 4667 1388 4755 philosophiam
1406 4668 1612 4757 pertinentia
