3459 5200
177 745 237 789 eos
261 745 302 790 ex
325 724 400 807 ipso
422 721 453 788 A
475 743 550 799 csse
575 724 743 789 derivatos
767 743 891 807 eosque
922 725 1023 790 etiam
1053 745 1120 791 una
1149 746 1223 792 cum
1244 725 1275 792 A
1297 729 1341 793 ad

172 827 437 911 Hephaestionis
476 827 578 892 verba
610 828 880 893 reconcinnanda
908 829 1121 911 usurpandos
1152 849 1227 896 esse
1260 849 1339 896 con·

174 931 302 1008 tendit3
325 951 386 1014 ego
410 949 468 996 cur
490 931 696 996 contrarium
719 931 863 996 sentiam
887 951 988 1014 supra
1011 933 1080 998 dixi
1103 953 1210 1017 neque
1234 934 1338 999 ineis

175 1054 262 1116 quac
285 1033 395 1100 adbuc
417 1039 517 1099 notae
543 1039 622 1100 sunt
645 1054 760 1100 eorum
777 1035 931 1100 codicum
946 1035 1107 1100 lectiones
1124 1036 1339 1120 deprehendi,

174 1157 262 1220 quae
293 1156 387 1202 meae
415 1139 602 1203 sententiae
625 1142 820 1220 repugnent.
865 1138 950 1203 Nam
974 1139 1063 1222 quod
1085 1159 1117 1222 p.
1141 1140 1171 1219 8,
1198 1141 1280 1204 1-t
1301 1141 1337 1204 G.

173 1241 360 1319 (5,15-18
375 1240 441 1322 W.)
456 1239 665 1306 Gaisfordius
682 1245 714 1305 et
727 1241 956 1324 Wcstphalius
973 1243 1074 1307 verba
1089 1243 1143 1306 καὶ
1162 1279 1191 1288 -
1207 1238 1338 1326 ποιήσω,

176 1363 265 1427 quae
287 1345 323 1408 in
345 1343 427 1409 solis
451 1343 622 1408 codicibus
645 1363 661 1407 c
679 1340 753 1409 01>
771 1344 899 1422 insunt,
923 1345 957 1409 in
979 1349 1108 1411 textum
1131 1351 1338 1428 receperunt,

174 1467 354 1531 perperam
366 1448 525 1512 lecerunt.
547 1447 645 1530 Apud
662 1447 936 1512 Chocroboscum
952 1467 983 1530 p.
999 1450 1051 1525 40,
1069 1449 1195 1513 20-28
1207 1449 1338 1528 lemma,

174 1557 215 1616 ut
229 1552 277 1618 ita
288 1552 408 1631 dicam,
425 1552 516 1635 quod
532 1553 597 1618 huc
615 1556 744 1635 spectat
761 1553 796 1617 in
808 1552 881 1616 solo
895 1552 1009 1617 codice
1029 1549 1062 1617 U
1068 1553 1186 1635 legitur
1200 1558 1233 1616 ct
1245 1572 1287 1617 ne
1303 1553 1337 1618 in

175 1675 219 1720 eo
238 1655 373 1739 quidem
398 1674 438 1720 ea
449 1655 491 1720 de
505 1655 624 1738 quibus
636 1656 749 1737 agitur
757 1655 910 1738 exempla
924 1655 1230 1738 deprehenduntur.
1274 1656 1338 1720 Ne-

174 1779 241 1842 que
256 1760 300 1824 ab
317 1759 567 1841 Hephaestione
590 1778 629 1823 ea
645 1759 795 1842 profecte
808 1762 895 1834 sunt,
914 1759 974 1824 sed
993 1778 1031 1824 ex
1050 1758 1187 1824 scholiis
1200 1759 1286 1824 male
1301 1759 1336 1822 in

173 1863 288 1945 ipsum
313 1863 491 1927 verborum
519 1865 713 1928 contextum
741 1863 957 1944 irrepserunt.
1010 1861 1218 1945 Quamquam
1248 1862 1337 1927 enirn

175 1985 299 2049 parum
332 1969 421 2030 recte
454 1965 561 2046 Denig
593 1965 614 2029 l.
644 1984 671 2029 c.
700 1985 732 2047 p.
763 1966 812 2042 15,
842 1969 878 2030 ut
901 1966 1014 2049 spuria
1038 1985 1077 2030 ca
1100 1985 1174 2030 csse
1198 1965 1337 2030 demon·

174 2072 310 2146 straret,
332 2069 376 2132 ad
390 2068 516 2132 codicis
534 2064 752 2133 Clectionem
776 2087 861 2152 quae
884 2072 934 2132 est
955 2088 987 2151 p.
1004 2069 1068 2146 7,1
1094 2068 1130 2132 G.
1154 2069 1198 2150 (5,
1217 2070 1255 2133 ld
1270 2069 1336 2152 W.)

176 2173 212 2236 ἐν
232 2179 296 2248 τοῖς
316 2169 485 2255 τριμέτροις
513 2171 643 2253 refugit,
667 2171 825 2254 quoniam
849 2171 932 2235 haec
954 2171 1053 2236 lectio
1076 2191 1096 2236 a
1119 2171 1233 2236 codice
1255 2169 1287 2235 A
1304 2175 1336 2236 ct

177 2274 410 2342 Choerobosci
439 2275 554 2340 codice
590 2272 623 2339 U
646 2279 688 2352 et,
713 2275 741 2339 si
763 2275 865 2340 modo
882 2275 1071 2339 Gaisfordio
1099 2275 1199 2340 fidem
1221 2275 1336 2350 habes,

173 2379 280 2444 etiam
311 2399 333 2442 a
359 2397 376 2442 c
403 2382 437 2442 et
464 2375 498 2441 P
527 2378 637 2444 aliena
659 2379 701 2443 ab
724 2398 793 2443 uno
817 2379 943 2444 codicis
969 2377 1153 2444 Clihrario
1175 2380 1251 2466 ficta
1274 2382 1335 2456 est,

171 2488 290 2547 tamen
305 2482 432 2564 optimo
448 2482 519 2547 iure
534 2501 575 2548 eo
592 2483 741 2547 offensus
758 2487 819 2555 est.
843 2482 931 2566 quod
954 2483 1021 2548 tria
1035 2484 1188 2566 exempla
1203 2483 1335 2548 eadem·

173 2608 241 2670 que
268 2606 407 2669 prorsus
435 2586 561 2669 pariter
589 2587 798 2653 conformata
826 2587 870 2651 ad
900 2587 1042 2653 eandem
1073 2608 1143 2653 rem
1167 2586 1336 2670 explican-

174 2692 254 2755 dam
288 2694 530 2773 proponuntur.
584 2690 758 2754 Accedunt
790 2691 894 2755 verba
926 2691 980 2753 καὶ
1017 2688 1078 2775 μὴν
1111 2690 1180 2771 καί,
1215 2690 1335 2774 quibus

174 2792 288 2859 simile
311 2792 511 2859 elocutionis
535 2812 640 2875 genus
663 2792 699 2857 in
721 2792 908 2858 enchiridio
933 2794 1056 2859 trustra
1078 2812 1229 2876 quaeras,
1252 2813 1337 2875 quae

175 2918 220 2963 co
235 2897 278 2961 de
299 2916 365 2981 quo
380 2896 551 2980 quaeritur
573 2896 647 2961 loco
671 2916 711 2961 eo
734 2896 841 2979 magis
864 2896 1045 2961 offensioni
1069 2901 1156 2973 sunt,
1185 2896 1274 2980 quod
1297 2894 1337 2959 de

175 3001 329 3067 eiusdem
351 3000 483 3083 generis
507 2999 669 3082 exemplis
694 2999 789 3065 etde
812 3019 848 3063 re
871 3000 953 3063 satis
976 2998 1056 3064 trita
1084 3019 1123 3063 ac
1145 2999 1338 3081 pervulgata

173 3104 294 3186 agitur.

263 3207 424 3273 Similiter
445 3205 660 3273 iudicandum
684 3209 736 3271 est
758 3206 799 3269 de
821 3206 895 3269 loco
920 3205 975 3288 qui
999 3210 1050 3269 est
1072 3226 1103 3287 p.
1129 3206 1177 3281 10,
1200 3204 1285 3267 3-4
1300 3204 1335 3267 G.

175 3312 222 3391 (6,
236 3310 360 3375 16-17
382 3309 458 3392 W.).
503 3310 700 3392 Exemplum
724 3307 814 3372 enim
837 3307 1063 3391 Euripideum,
1087 3307 1177 3390 quod
1192 3327 1212 3372 a
1228 3306 1335 3371 Choe-

174 3414 323 3480 robosco
345 3412 390 3497 (p.
411 3413 464 3491 43,
489 3413 627 3495 16-20)
649 3412 797 3476 alienum
820 3411 856 3475 in
880 3410 1054 3476 enchiridii
1080 3410 1250 3475 codicibus
1273 3427 1289 3471 c
1313 3406 1340 3471 C

172 3516 306 3598 legitur,
329 3515 373 3580 ad
396 3514 639 3581 sententiarum
662 3534 826 3580 conexum
849 3514 932 3579 satis
954 3514 1042 3578 male
1058 3512 1209 3597 quadrat.
1253 3511 1336 3576 Nam

174 3618 261 3685 illud
293 3618 335 3683 de
368 3638 434 3700 quo
467 3618 577 3700 agitur
610 3618 756 3700 syllabae
779 3617 966 3683 communis
990 3635 1094 3699 genus
1118 3616 1152 3679 in
1175 3614 1336 3679 trimetris

173 3721 330 3789 iambicis
352 3740 526 3787 occurrere
548 3721 615 3785 iam
643 3742 675 3803 p.
698 3721 728 3799 6,
758 3721 777 3785 7
801 3740 875 3803 sqq.
898 3719 935 3783 G.
958 3720 1001 3800 (5,
1029 3721 1049 3783 8
1079 3739 1150 3802 sqq.
1174 3720 1239 3795 W.)
1268 3717 1335 3782 He-

174 3824 333 3910 phaestio
361 3824 522 3889 docuerat
548 3825 767 3906 exemploque
790 3822 1054 3899 confirmaverat,
1083 3822 1138 3885 hic
1161 3840 1219 3885 cos
1241 3820 1335 3885 locos

174 3928 347 4013 proponit,
370 3927 491 4011 quibus
514 3927 659 4009 scriptor
670 3926 843 4009 syllabam
868 3944 1079 3990 communem
1102 3928 1160 3989 aut
1182 3924 1336 3989 consulto

173 4030 313 4097 evitavit
346 4035 403 4095 aut
430 4031 550 4095 saltem
579 4030 702 4095 diserte
731 4028 938 4111 significavit.
988 4029 1093 4093 Immo
1117 4028 1182 4092 hoc
1205 4046 1335 4110 quoque

173 4133 376 4217 exemplum,
410 4132 500 4216 quod
531 4133 585 4198 hic
617 4152 794 4216 perperam
826 4132 1012 4197 intextum
1047 4130 1191 4213 irrepsit,
1216 4128 1334 4194 scholii

172 4240 284 4303 instar
317 4237 358 4301 ad
391 4256 424 4319 p.
459 4237 489 4314 8,
525 4236 607 4300 1-4
633 4236 670 4300 G.
700 4236 742 4316 (5,
779 4235 924 4300 15-18
954 4235 1019 4317 W.)
1048 4232 1215 4316 appictum
1255 4236 1336 4309 erat,
1372 4298 1374 4303 ,

172 4344 224 4406 ita
250 4343 288 4403 ut
315 4339 382 4404 illic
410 4338 593 4404 scholiasta
618 4338 773 4420 Aeschyli
801 4338 913 4402 versui
942 4338 983 4401 ab
1006 4334 1256 4419 Hephaestione
1285 4355 1337 4399 cx-

171 4445 279 4509 citato
302 4442 452 4525 singulos
475 4462 592 4507 versus
616 4442 794 4525 Sophoclis
824 4441 993 4525 Euripidis
1016 4437 1253 4521 Aristophanis
1277 4437 1335 4501 ad-

172 4546 310 4613 diderit.
