3459 5200
620 667 645 672 ..
695 575 820 674 a---

140 783 218 849 illud
251 785 520 850 Anacreonteum
554 805 585 867 p.
619 785 693 850 XXI
725 787 744 848 3
779 805 851 868 sqq.
890 789 966 848 octo
1000 784 1065 848 illis
1100 783 1254 849 versibus
1281 805 1301 848 a

139 887 321 953 scholiasta
343 888 496 953 excitatis
521 888 638 952 confici
662 888 891 966 contenderet,
914 888 997 952 illud
1012 908 1144 970 quoque
1166 907 1301 952 carmen

138 1010 176 1055 ex
209 1011 277 1054 una
312 992 451 1073 stropha
487 995 647 1056 constans
682 986 926 1076 povoocpopcco'v
960 992 1073 1055 vocari
1113 1011 1145 1072 p.
1180 990 1254 1056 XXI
1282 993 1300 1055 7

138 1094 261 1159 statuit.
306 1094 374 1160 Sed
397 1115 481 1178 quae
503 1095 737 1159 Lachmannus
761 1095 804 1158 ad
819 1093 979 1158 iudicium
1000 1094 1082 1158 illud
1097 1095 1139 1158 de
1155 1096 1301 1158 carmine

136 1199 370 1263 Anacreonteo
400 1198 687 1281 comprobandum
715 1198 835 1274 attulit,
868 1201 1007 1280 propter
1042 1197 1180 1263 nimiam
1214 1198 1302 1280 frag·

136 1304 326 1365 mentorum
359 1301 562 1383 paucitatem
595 1302 650 1365 vix
683 1320 883 1384 quemquam
917 1301 961 1365 ad
988 1300 1058 1364 eius
1096 1300 1299 1365 sententiam

135 1405 341 1484 pertrahent.
377 1405 505 1470 Contra
520 1404 679 1486 Bergkius
695 1408 834 1486 propter
850 1403 1054 1468 sententiam
1071 1403 1298 1485 imperfectam

136 1526 271 1571 carmen
306 1508 471 1589 integrum
506 1529 581 1572 esse
611 1509 758 1589 negavit;
793 1508 845 1572 cui
879 1507 1031 1590 opinioni
1065 1508 1166 1572 etiam
1195 1507 1301 1588 ipsius

136 1611 369 1675 commentarii
391 1611 493 1675 verba
515 1631 546 1692 p.
571 1611 644 1675 XXI
667 1612 773 1675 6-10
795 1612 917 1675 favent.
962 1609 1035 1674 Non
1065 1610 1166 1672 modo
1188 1610 1300 1674 verbis

135 1703 318 1789 ὀκτάκωλός
350 1713 429 1778 ἐστιν
464 1711 485 1797 ἡ
518 1693 638 1797 στρὸφή
673 1715 727 1776 καὶ
760 1712 796 1777 τὸ
831 1707 918 1798 ᾆσμσί
946 1713 1009 1776 ἐστι
1042 1708 1297 1797 μονοστροφιιιόν·

134 1809 260 1879 δύναται
293 1815 329 1879 δὲ
361 1817 415 1878 καὶ
449 1814 559 1900 ἑτέρως
593 1815 841 1900 transiebat..
868 1867 874 1880 .
902 1813 924 1899 vl
958 1811 1079 1900 στρσφή
1111 1817 1299 1882 accuratius

134 1918 275 2000 stropha
308 1939 328 1984 a
363 1920 510 1984 carmine
544 1920 768 2002 distinguitur,
802 1941 902 2003 quam
930 1924 966 1984 ut
995 1920 1122 1985 nullum
1151 1920 1300 1984 notionis

134 2021 316 2087 discrimen
346 2024 581 2105 interpositum
610 2044 685 2088 esse
718 2024 786 2088 veri
822 2023 931 2088 simile
960 2023 1018 2104 sit,
1048 2023 1108 2087 sed
1142 2025 1301 2105 quemad·

133 2124 271 2189 modum
312 2128 499 2190 carminum
532 2125 615 2190 ιιατὰ
648 2125 822 2210 περικοπὴν
862 2124 1093 2210 ἀνσμοιομερῶν
1130 2127 1298 2192 enarratio

131 2249 163 2310 p.
189 2228 262 2292 XIX
284 2231 304 2292 5
327 2265 367 2275 —
391 2229 453 2294 XX
476 2232 494 2294 3
524 2251 598 2295 curn
628 2234 704 2295 octo
736 2231 801 2295 illis
824 2231 978 2295 versibus
1001 2229 1236 2295 reconcilietur
1258 2267 1299 2278 —

132 2331 337 2412 significatur
372 2333 455 2396 haec
490 2335 689 2416 compositio
725 2335 759 2398 ln
799 2333 1001 2416 paragraphi
1035 2333 1127 2398 exitu
1160 2353 1192 2414 p.
1226 2333 1299 2398 XXI

129 2435 302 2498 8—10-
325 2454 395 2499 non
419 2436 602 2518 dispicitur.
653 2437 750 2514 Quod
782 2437 810 2500 si
834 2442 924 2501 recte
947 2436 1200 2518 disputavimus,
1224 2456 1298 2500 cor-

129 2536 198 2601 ruit
225 2537 458 2603 testimoninm
486 2559 551 2623 quo
582 2539 655 2622 quis
684 2539 727 2604 ad
754 2539 846 2604 illam
874 2538 1027 2604 vocabuli
1056 2534 1299 2624 μονοστροφικόν

129 2641 306 2705 notionem
340 2641 586 2706 defendendam
621 2642 793 2707 innitatur.
843 2643 958 2725 Neque
991 2643 1073 2707 mihi
1108 2644 1298 2725 exemplum

129 2744 278 2809 innotuit
313 2749 446 2827 practer
481 2746 687 2811 Demetrium
725 2746 940 2825 TricIInium,
978 2748 1034 2829 qui
1073 2767 1147 2812 cum
1183 2766 1297 2810 veram

127 2847 285 2912 vocabuli
301 2846 544 2932 μονοστροφικόν
558 2849 625 2913 vim
654 2850 833 2931 ignoraret,
862 2849 954 2913 illam
976 2849 1018 2913 de
1041 2870 1105 2932 qua
1128 2850 1299 2933 quaeritur

131 2949 332 3032 saepissime
360 2951 515 3033 protulit,
546 2952 636 3016 velut
663 2952 698 3015 in
728 2952 832 3015 schol.
863 2952 940 3015 Eur.
969 2952 1048 3016 Hec.
1080 2954 1171 3017 1024.
1204 2954 1294 3017 1056.

129 3052 225 3117 1088.
266 3053 321 3117 Or.
339 3054 411 3119 982.
431 3054 522 3118 1369.
541 3055 623 3118 1395
639 3059 700 3119 etc.
730 3054 956 3119 Nihilominus
973 3076 1003 3137 p.
1019 3056 1090 3119 XIV
1107 3057 1127 3119 8
1142 3057 1295 3120 vocabuli

129 3154 376 3240 μσνοστροφικόν
399 3178 438 3222 ea
462 3158 534 3222 sola
557 3158 650 3221 notio
674 3178 749 3222 esse
772 3162 885 3240 potest
907 3178 1006 3240 quarn
1023 3158 1182 3223 diximus:
1205 3159 1295 3224 unde

129 3260 217 3322 haec
247 3258 315 3324 fere
344 3260 483 3325 efficitur
511 3260 692 3325 sententia:
730 3261 865 3339 „Alcaei
895 3280 1046 3340 carmen,
1080 3262 1171 3344 quod
1198 3262 1295 3326 facile

129 3362 301 3445 quispiam
328 3363 438 3445 prima
466 3364 578 3446 specie
607 3360 639 3441 ἐξ
667 3360 780 3449 ὁμοίων
810 3384 884 3428 esse
908 3364 1050 3442 duxerit,
1079 3386 1115 3429 re
1144 3384 1224 3429 vera
1246 3370 1297 3429 est

127 3462 216 3528 κατὰ
239 3463 354 3548 σχέσιν.
403 3466 516 3550 Neque
546 3467 635 3531 enim
671 3475 824 3552 μετρεῖται
856 3464 915 3531 ὑπὸ
951 3467 1104 3551 συζυγίας,
1142 3469 1202 3532 sed
1236 3465 1294 3531 ὑπὸ

124 3566 211 3631 δέκα
244 3566 403 3653 συζυγιῶν.
449 3569 536 3651 Ergo
571 3567 744 3655 ὁάριθμὸς
779 3567 945 3655 ὡρισμένος
967 3570 1057 3634 ἐστίν.
1103 3571 1183 3634 Inde
1212 3591 1310 3635 con-·

127 3670 232 3735 cludo
260 3690 299 3734 ca
327 3691 458 3754 quoque
488 3672 647 3750 carmina,
676 3693 760 3756 quae
789 3674 885 3737 denis
915 3674 1054 3756 syzygiis
1083 3674 1237 3739 confecta
1264 3678 1297 3737 et

126 3775 282 3856 singulas
300 3777 457 3857 strophas
475 3778 733 3858 complectentia
747 3778 918 3860 plerisque
933 3775 965 3854 ἐξ
980 3773 1093 3860 ὁμοίων
1110 3778 1297 3859 composita

124 3897 206 3942 esse
219 3877 384 3957 videntur,
398 3898 467 3942 non
480 3900 555 3943 esse
572 3876 737 3965 ὲξὸμσίων,
751 3880 810 3944 sed
826 3878 909 3943 κατὰ
929 3878 1045 3964 σχέσιν.
1089 3880 1174 3944 Nam
1196 3881 1231 3944 in
1248 3881 1296 3944 eis

124 4000 265 4065 quoque
289 3976 306 4043 ὁ
329 3972 461 4067 ἀριθμὸς
484 3979 649 4067 ὡρισμένος
671 3982 782 4047 ἐστίν.“
827 3983 936 4060 Quam
952 3983 1072 4047 mirum
1088 3983 1133 4047 sit
1149 3984 1298 4048 carmina

123 4085 281 4167 singulas
325 4085 482 4166 strophas
531 4087 788 4168 complectentia
831 4085 916 4149 κατὰ
960 4084 1066 4170 σχέσιν
1110 4088 1297 4168 composita

121 4188 276 4253 iudicare
300 4188 468 4252 neminem
492 4188 583 4269 fugit,
597 4192 695 4271 atque
718 4189 800 4254 mihi
823 4189 958 4271 quidem
981 4194 1013 4254 et
1036 4189 1169 4253 dicendi
1192 4209 1296 4269 genus

122 4298 160 4355 et
185 4290 356 4355 sententia
382 4291 467 4355 adeo
497 4311 571 4355 cum
594 4291 855 4374 Hephaestionis
880 4291 1120 4356 consuetudine
1148 4312 1296 4374 pugnare

121 4393 293 4473 videntur,
333 4398 379 4472 ut,
418 4395 548 4459 etiamsi
586 4395 849 4477 Hephaestionei
886 4395 1011 4477 aliquid
1050 4396 1189 4459 subesse
1226 4416 1296 4459 non

119 4497 317 4581 praefracte
340 4498 540 4579 negaverim,
567 4498 654 4562 hanc
684 4504 773 4563 certe
802 4499 966 4563 enuntiati
995 4499 1296 4563 conformationem

120 4600 362 4684 interpolatori
403 4601 547 4667 tribuere
587 4622 655 4665 non
694 4602 853 4667 dubitem.
894 4602 1030 4666 Accedit
1072 4601 1161 4684 quod
1198 4607 1234 4665 ut
1262 4602 1296 4665 in

1098 4722 1127 4771 1,*
