3459 5200
894 401 956 466 106

396 592 494 681 Soph.
517 584 597 663 Ant
618 596 706 663 1060
732 594 830 681 ὄρσεις
852 618 889 681 με
910 594 1094 682 τάκίνητα
1116 596 1163 658 διὰ
1186 606 1301 681 φρενῶν
1323 597 1444 683 φράσαι.

307 700 366 766 ud.
390 702 489 769 Turn.
512 719 544 787 p.
568 704 621 786 97,
644 702 688 768 30
715 700 895 789 τάκίνητα
921 706 982 789 χρὴ
1005 706 1140 786 γράφειν,
1164 700 1217 767 ἵνα
1241 700 1287 788 εἴη
1310 705 1427 789 μακρὸν
1449 704 1484 766 τὸ
1512 710 1536 762 n

307 808 349 881 ὡς
370 810 406 874 ἐκ
429 814 564 895 κράσεως
588 808 635 875 ὄν·
658 806 684 873 τὶ
706 804 733 874 δ’
757 806 859 883 ἄλλως
882 813 1007 895 γράψεις
1029 809 1064 889 (i.
1080 827 1107 876 e.
1124 812 1162 872 τά
1183 807 1338 895 ’κίνηεαῑλ
1362 805 1417 873 οίνκ
1439 806 1537 893 ὀρθὸν

308 917 402 981 ἔσται.

395 1022 470 1089 Eur.
497 1020 551 1088 Or.
575 1022 641 1089 523
666 1020 786 1108 ἀμυνῶ
810 1021 844 1097 δ’,
867 1020 993 1106 ὅσονπερ
1016 1024 1143 1095 δυνατός
1163 1020 1230 1108 εἰμι,
1253 1034 1298 1107 τῷ
1320 1026 1413 1109 νόμιρ.

308 1128 416 1197 Schol.
441 1128 516 1196 Eur.
537 1128 570 1193 H
595 1130 646 1205 14,
670 1130 691 1195 3
722 1125 757 1193 οίι
784 1132 845 1215 χρὴ
875 1135 997 1217 γράφειν
1020 1128 1142 1215 &novo
1162 1129 1212 1193 ἐπὶ
1232 1129 1409 1202 ἐνεστῶτος·
1433 1132 1537 1215 μακρὰ

307 1240 365 1321 γάρ
397 1236 474 1301 ἐστιν
500 1232 549 1301 ἐπὶ
576 1244 627 1301 τοῦ
654 1236 818 1307 ἐνεστῶτος
844 1238 885 1301 τὰ
911 1238 960 1301 διά
986 1238 1059 1294 nna
1082 1232 1220 1322 ῥήματα·
1253 1234 1319 1299 ἀλλ’
1344 1235 1464 1321 ἀμυνῶ
1485 1236 1537 1300 ἐπὶ

308 1344 477 1430 μέλλοντος.
525 1338 600 1408 οὔτω
632 1346 689 1428 γὰρ
721 1340 879 1429 domitasse
909 1354 953 1427 τῷ
984 1347 1093 1430 μέτρῳ.
1143 1340 1161 1407 ὁ
1192 1346 1249 1427 γὰρ
1281 1343 1399 1426 μέλλων
1428 1354 1483 1429 τίγς
1513 1342 1539 1406 τ’

309 1450 443 1533 συζυγίας
469 1460 527 1516 τῶν
555 1452 721 1534 βαρυτόνων
747 1453 787 1515 τὰ
815 1450 1002 1537 ἀμετάβολα,
1030 1447 1146 1538 φησί’)
1177 1459 1260 1535 τιγρεῑ
1286 1451 1364 1535 μετὰ
1391 1452 1538 1535 συστολῆς

307 1568 361 1645 της
382 1559 617 1645 ταρσληγσίισης
635 1560 691 1621 καὶ
714 1562 937 1643 περισπωμένου
955 1566 1009 1622 τοῦ
1021 1562 1116 1622 τόνου.
1155 1555 1292 1641 Similia,
1317 1554 1376 1622 sed
1389 1554 1537 1641 pluribus

309 1663 427 1747 verbis,
451 1662 627 1731 Triclinius
640 1662 683 1728 ad
698 1662 796 1748 Soph.
810 1663 861 1730 ni.
878 1666 920 1731 75
943 1662 986 1728 de
1007 1682 1089 1729 voce
1103 1662 1186 1747 άρεῐς
1205 1668 1277 1747 (pro
1285 1661 1382 1747 ἄρῃς)
1395 1662 1536 1743 mouuit;

287 1770 349 1849 of.
375 1769 426 1839 ed.
450 1770 547 1835 'lum
570 1790 602 1856 ρ.
618 1772 649 1855 3,
666 1772 786 1838 3-19.
832 1770 903 1836 Has
925 1768 1153 1836 adnotationes
1176 1768 1438 1835 animadvertens
1461 1788 1536 1835 oon·

308 1877 439 1962 scripsit
460 1877 590 1943 brevius
614 1875 761 1943 scholion
783 1874 827 1941 ad
850 1874 967 1941 Aesoh
991 1876 1081 1941 Pera.
1108 1878 1172 1943 795
1195 1874 1247 1941 ed.
1271 1873 1370 1943 Diud.
1394 1878 1450 1956 (=
1469 1874 1534 1942 797

308 1982 360 2051 ed.
381 1983 520 2068 Weckl.)

398 2089 465 2156 ἀλλ’
491 2086 621 2178 είιοτοιλῆ
642 2112 687 2156 τοι
711 2093 815 2156 λεκτὸν
838 2089 994 2177 ἀροῦμεν
1016 2091 1133 2164 στόλον,

310 2196 398 2281 quod
435 2195 580 2263 scholion
615 2195 729 2261 citavit
766 2194 919 2261 Salvator
955 2195 1096 2280 cyrillus
1131 2196 1165 2261 iu
1202 2194 1350 2279 Gatalog.
1386 2194 1536 2261 codicum

310 2302 425 2369 Graec.
454 2323 598 2371 manusc.
626 2302 844 2371 bibliothocae
873 2302 1077 2369 Borhonicae
1103 2308 1179 2370 tom.
1199 2297 1235 2366 Π
1258 2302 1409 2387 (Neapoli
1433 2300 1534 2385 1832)

308 2432 340 2497 p.
359 2412 420 2479 176
443 2410 584 2497 ἄρωμεν
606 2414 668 2497 χρὴ
691 2415 816 2497 γράφειν
840 2410 889 2477 ἐπὶ
911 2409 1051 2495 ἀορίστου
1073 2406 1149 2475 κοίικ
1167 2410 1325 2495 ἀροῦμεν
1342 2410 1392 2473 ἐπὶ
1409 2412 1535 2496 μέλλον-

308 2538 372 2593 τος·
397 2515 413 2584 ὁ
437 2522 491 2606 μὲν
513 2521 571 2605 γάρ
595 2515 736 2602 ἀόριστος
757 2529 860 2605 μακρᾷ
883 2519 1097 2605 ταραλήγεται,
1121 2513 1185 2582 ote
1198 2518 1315 2604 μέλλων
1327 2528 1385 2605 τῆς
1397 2521 1536 2604 ιοὲμιττης

309 2625 443 2710 συζυγίας
469 2629 506 2690 td
534 2624 710 2713 ἀμετάβολα
735 2636 840 2711 τηρεῖ,
856 2629 942 2713 φησί,
974 2627 1105 2710 συστολῇ
1132 2636 1186 2712 τῆς
1217 2626 1466 2712 παραληγοίισιγς·
1498 2625 1535 2689 ἐν

308 2729 437 2806 ἄλλοις
461 2733 496 2797 δὲ
518 2730 603 2820 ἡμῖν
625 2737 847 2820 σαφέστερον
871 2735 951 2816 περὶ
973 2735 1111 2797 τοίιτων
1133 2729 1284 2818 εἴρηται.

399 2837 525 2916 Quodsi
553 2837 744 2906 discesseris
771 2838 813 2903 ah
842 2837 892 2904 eis
919 2856 1001 2921 quoa
1024 2836 1195 2902 citavimus
1217 2836 1310 2922 locis,
1331 2835 1535 2902 inveniuntur

310 2946 380 3030 alii,
413 2946 571 3029 equibus
595 2950 823 3029 cognoscatur,
852 2964 950 3028 quam
980 2950 1133 3009 accurate
1163 2941 1339 3008 Triclinius
1370 2941 1533 3008 vocalium

310 3058 392 3114 ΑΙΥ
422 3054 637 3137 quantitatem
669 3050 949 3116 animadverterit:
982 3049 1011 3117 si
1044 3048 1247 3135 stropharum
1269 3049 1381 3134 ¹pedes
1410 3050 1535 3117 metrici

309 3181 381 3226 cum
418 3159 690 3245 antistrophorum
730 3156 870 3243 pedihus
916 3155 1182 3242 discrepaverunt
1225 3175 1332 3240 neque
1377 3155 1533 3223 Triclinio

309 3267 433 3353 placuit
468 3286 582 3333 versus
622 3263 808 3342 emendare,
847 3263 969 3330 diserte
1003 3264 1127 3328 monuit
1161 3261 1236 3328 aliis
1272 3261 1411 3348 pedihus
1448 3261 1535 3329 effici

311 3373 472 3459 strophae,
495 3373 570 3439 aliis
594 3370 787 3458 antistrophi
811 3370 898 3453 oola3
927 3369 967 3436 oi.
992 3369 1052 3436 hos
1074 3370 1179 3436 locos:

397 3531 472 3601 Eur.
497 3529 551 3600 Or.
575 3534 640 3599 327
670 3491 874 3620 φοιτάλλάἀο·
896 3497 955 3619 ,φεῦ
979 3495 1105 3620 μάχβων
1124 3559 1160 3585 =

576 3693 642 3759 343
669 3659 771 3758 δε-ινᾱλν
793 3653 901 3770 adron
925 3689 970 3764 ὡς
989 3655 1111 3757 πόντου.

309 3800 417 3868 Schol.
441 3799 516 3865 Eur.
540 3799 572 3865 II
598 3802 647 3886 13,
674 3801 713 3868 12
744 3805 777 3867 τὸ
804 3798 839 3885 ιβ’
865 3802 1062 3888 χοριαμβικον
1089 3801 1224 3888 δίμετρον
1251 3799 1472 3886 καταληκτικὸν
1498 3793 1535 3860 ἐκ

307 3909 473 3995 χοριάμβοο
500 3911 552 3973 καὶ
580 3910 745 3994 μολοοοοῦ·
772 3911 806 3974 το
833 3908 865 3972 δέ
893 3931 927 3988 γε
954 3919 1011 3994 τῆς
1038 3903 1235 3994 ἀντιστροφης
1260 3907 1361 3970 κῶλον
1387 3902 1534 3989 ἐπίτριτον

307 4011 371 4102 ἔχει
395 4014 421 4095 γ’
442 4013 508 4080 ἀντί
529 4017 707 4103 χοριάμβοι).

400 4227 421 4286 11
449 4227 489 4284 cf.
509 4227 591 4285 lhicl.
611 4227 646 4282 ad
665 4227 728 4283 Eur.
748 4227 792 4282 Or.
812 4228 864 4283 851
883 4224 962 4288 λέξειν
979 4225 1016 4277 τὰ
1029 4223 1149 4276 ’κεῖθεν
1168 4227 1212 4275 σοῦ
1229 4221 1384 4294 κασιγνήτου
1401 4221 1455 4292 alpi

308 4315 350 4383 (τά
368 4315 455 4367 criden
477 4315 575 4383 codd).
611 4315 700 4372 Schol.
721 4316 786 4371 Eur.
805 4316 831 4370 Π
849 4316 948 4382 2102
973 4312 1137 4382 τὰ·’κείοτν]
1160 4315 1192 4364 τὰ
1214 4309 1258 4364 ἀντ’
1275 4309 1336 4379 lari,
1359 4313 1392 4364 τά
1413 4309 1462 4362 ἀπὸ
1484 4317 1534 4362 τῶν

308 4401 441 4475 Ἀργείων.
478 4403 582 4475 βαρεῖαν
600 4403 654 4474 χρὴ
671 4404 768 4458 uhtvon
786 4401 821 4467 εἰς
839 4403 868 4456 τὸ
884 4403 934 4466 τά,
952 4401 995 4455 ἵνα
1011 4397 1031 4472 ᾗ
1048 4402 1131 4474 βραχὺ
1148 4402 1177 4454 τὸ
1195 4406 1228 4469 Δ,
1250 4402 1295 4454 καί
1313 4399 1467 4472 ἀκάστροφον
1484 4397 1534 4471 δη·

306 4490 409 4561 λοῦσαν,
428 4492 464 4556 ὡς
482 4490 599 4562 ἔκθλιψις
617 4493 704 4564 γίγοντ
722 4499 766 4546 τοῦ
789 4494 824 4548 Ε·
852 4490 878 4544 ἒν
900 4490 989 4555 ἄλλοις
1013 4493 1062 4563 γὰρ
1084 4491 1179 4563 γίνεται
1200 4497 1287 4562 κρᾶσις
1309 4490 1354 4542 καί
1376 4487 1426 4547 ἔστι
1446 4489 1475 4541 τὸ
1498 4489 1535 4541 τά

306 4581 411 4654 μακρόν,
430 4575 483 4635 οἷον
500 4581 593 4654 τάμά,
613 4581 725 4634 ἐνταῦθα
743 4581 769 4635 dl
782 4579 819 4634 od.

399 4671 421 4741 ²)
448 4674 488 4729 of.
508 4673 691 4730 Theodosium
708 4673 739 4728 in
758 4671 879 4729 Bolukeri
897 4673 950 4727 An.
967 4671 1014 4727 Gr.
1032 4671 1087 4726 vol.
1106 4669 1147 4725 111
1166 4671 1243 4736 1017,
1264 4671 1298 4725 16
1316 4687 1376 4739 sqq.
