3459 5200
825 430 846 492 b

225 622 424 705 investigare
453 640 588 689 neeesse
617 628 675 688 est.
725 620 776 687 Ita
804 621 958 707 elucebit,
992 640 1076 706 quae
1104 628 1248 689 extrema
1280 623 1351 689 cius
1382 622 1452 689 iata

224 729 343 795 inerint
366 736 399 793 et
423 730 494 812 quis
517 746 683 794 numerum
706 729 950 795 intermortuam
973 728 1006 793 in
1029 748 1123 796 usum
1145 729 1355 796 revocaverit

312 837 360 901 Ac
388 836 526 921 primum
549 833 680 919 quidem
702 834 746 899 ad
768 853 910 919 prosae
934 836 1090 901 orationis
1114 835 1291 921 scriptores
1315 835 1452 903 acceda-

222 962 303 1010 mus.
351 942 435 1009 Nam
461 950 579 1028 poetae
607 960 680 1007 eum
708 941 849 1025 vestigia
877 941 1020 1027 priorum
1048 942 1152 1008 secuti
1178 961 1243 1007 non
1276 941 1453 1009 dialectum

222 1049 389 1133 vulgarem
414 1068 657 1131 sermonemque
681 1046 879 1114 cotidianum
902 1048 1096 1133 praebeant,
1125 1047 1185 1115 sed
1213 1055 1283 1115 arto
1310 1047 1453 1133 quadarn

223 1156 436 1241 compositum
465 1162 497 1221 et
524 1154 641 1240 prioris
669 1173 808 1240 poeseos
836 1173 897 1221 usu
928 1162 1155 1239 temperatum,
1188 1175 1209 1220 a
1242 1154 1452 1241 scriptoribus

222 1261 385 1348 pedestris
417 1262 575 1329 'sermonis
609 1259 802 1345 seiungendi
834 1269 868 1327 et
897 1260 1055 1347 peculiari
1089 1262 1279 1345 quaestione
1313 1269 1452 1329 tractan-

223 1367 383 1435 dierunt.

313 1474 392 1541 Cum
421 1482 528 1541 autem
559 1475 593 1541 in
621 1474 761 1541 omnium
789 1494 895 1541 rernm
922 1474 1107 1557 cognitione
1130 1473 1196 1541 (luo
1219 1475 1277 1540 illa
1299 1474 1365 1541 sint
1386 1474 1452 1543 ‹lis-

223 1582 398 1666 eernenda,
437 1582 574 1667 primum
606 1588 641 1647 ut
673 1581 820 1666 singulas
852 1600 906 1647 res
933 1600 1175 1667 pomoscamus‚
1210 1580 1286 1648 dein
1318 1587 1354 1647 ut
1385 1582 1452 1648 vim

223 1708 334 1755 earum
364 1708 547 1772 causasque
575 1688 691 1773 quibus
718 1689 803 1753 inter
834 1707 871 1755 sc
903 1687 1091 1772 cohaerent,
1120 1688 1362 1774 intellegamus,
1391 1709 1452 1755 nos

223 1814 351 1879 quoque
384 1796 522 1881 primum
554 1796 753 1879 singulorum
785 1796 977 1881 scriptorum
1008 1815 1102 1861 usum
1135 1814 1346 1880 exponemus,
1383 1803 1452 1861 tum

225 1923 309 1987 quae
334 1901 442 1970 dualis
465 1902 643 1988 usurpandi
667 1908 794 1970 aetates
810 1922 959 1986 quaeque
978 1921 1098 1968 censae
1112 1901 1238 1987 fuerint,
1262 1923 1318 1968 cur
1332 1902 1453 1987 singuli

223 2011 368 2093 singulos
391 2030 469 2077 usus
493 2011 685 2096 praebeant,
713 2017 869 2093 quantum
892 2008 1021 2094 quidem
1044 2009 1078 2074 in
1102 2010 1195 2076 nobis
1219 2009 1294 2095 erit,
1323 2009 1452 2077 demon·

223 2118 405 2183 strabimus.
452 2118 541 2182 Inter
568 2124 736 2200 utramque
764 2125 873 2183 autem
896 2125 1021 2202 partem
1043 2114 1168 2183 indices
1191 2136 1358 2202 ponemus,
1387 2137 1450 2202 quo

222 2224 351 2293 facilius
380 2226 508 2309 singula
536 2220 667 2291 inventa
695 2246 758 2291 uno
791 2224 885 2309 quasi
918 2226 1031 2291 obtutu
1057 2224 1284 2311 comprehendi
1312 2224 1448 2310 possint.

741 2570 868 2683 Caput
900 2572 933 2656 I.

624 2727 643 2805 ξ
672 2728 698 2791 l.
746 2723 800 2790 De
828 2726 1055 2792 Aristotele.

316 2849 531 2918 Discernendi
546 2857 621 2916 sunt
634 2850 765 2934 genuini
780 2850 1011 2917 Aristotelis
1025 2850 1096 2915 libri
1112 2870 1134 2915 a
1148 2850 1276 2935 spuriis,
1291 2850 1402 2933 quain
1416 2869 1453 2915 re

222 2957 376 3025 iudicium
400 2956 546 3022 Eduardi
569 2955 687 3023 Zelleri
712 2955 841 3040 (Gesoh.
865 2956 897 3024 d.
922 2955 1043 3041 griech.
1067 2956 1190 3023 Philos.
1215 2958 1246 3040 2,
1264 2957 1297 3037 2)
1321 2964 1453 3023 secutus

223 3085 303 3130 sum.
358 3063 519 3130 Libellum
556 3067 623 3148 περὶ
660 3064 778 3150 ἀτόμων
815 3075 972 3151 γραμμῶν,
1011 3083 1083 3129 cum
1115 3063 1168 3129 vel
1200 3062 1369 3130 Aristoteli
1400 3062 1454 3128 rel

222 3170 449 3257 Theophrasto
477 3171 648 3254 tribuatur,
676 3170 739 3236 huc
766 3170 902 3255 inserui,
931 3190 996 3236 non
1024 3188 1087 3254 quo
1116 3169 1311 3236 sententiam
1344 3168 1385 3234 de
1414 3189 1452 3234 eo

223 3279 334 3363 feram,
363 3276 422 3345 sed
447 3277 523 3361 quia
547 3297 619 3343 curn
642 3277 808 3360 utriusque
831 3297 893 3344 usn
916 3275 1073 3360 congruit,
1101 3283 1137 3341 ut
1159 3296 1224 3343 nou
1246 3275 1381 3341 multum
1403 3295 1453 3341 re·

222 3386 320 3463 ferat,
354 3385 417 3451 utri
450 3384 686 3451 adnumeretur.
738 3383 854 3450 Dnalis
884 3383 1033 3469 exempla
1060 3382 1151 3448 nulla
1183 3383 1389 3449 inveniuntur
1419 3382 1453 3447 in

221 3492 272 3560 his
317 3491 424 3558 libris:
473 3489 696 3578 aarqqoplut‚¹)
738 3514 768 3556 π.
808 3490 983 3578 ἑρμηνείας,
1027 3492 1234 3577 μετεωρολογ,
1276 3513 1307 3555 π.
1345 3495 1452 3576 ψυχῆς,

221 3623 252 3666 π.
281 3606 414 3687 μνήμης,
447 3622 477 3664 π.
507 3596 612 3674 ὕπνου,
650 3621 680 3663 π.
709 3596 862 3681 ἐνυπνίων,
896 3620 927 3662 π.
957 3599 1209 3684 μακροβιότητος,
1242 3620 1273 3662 π.
1304 3601 1451 3683 νεότητος,

222 3729 252 3772 π.
277 3717 441 3791 ποιητικῆς.
486 3706 525 3770 In
549 3704 664 3771 ceteris
686 3703 750 3770 hae
772 3703 896 3770 formae
918 3704 1083 3787 leguntur:

267 3811 356 3879 ἀναλ.
380 3833 465 3897 aper.
489 3811 506 3874 Ι
531 3812 572 3879 15
595 3832 625 3896 p.
649 3814 763 3879 euers
795 3813 874 3877 δυοῖν
897 3810 1069 3897 ὲλοιχίοτοιν

471 3919 504 3984 ΙΙ
528 3920 571 3986 22
594 3939 624 4004 p.
648 3921 762 3986 oseas
794 3920 875 3985 δυοῖν
899 3918 992 3984 ὄντοιν

267 4025 352 4092 ἀναλ.
377 4021 440 4091 hor.
470 4025 501 4090 Il
527 4028 566 4092 ll
591 4047 622 4112 p.
645 4028 759 4092 94a29
791 4023 916 4114 ἡμίσεια
938 4025 1014 4090 δυοῖν
1037 4022 1146 4109 δρδαῐν

266 4153 362 4201 rnatu.
387 4132 433 4198 VI
459 4136 496 4200 11
525 4154 557 4219 p.
585 4136 720 4199 149a1a
756 4132 786 4198 ἐν
819 4132 995 4220 ἀμφοτέροιν
1027 4141 1090 4196 τοῖν
1122 4132 1220 4212 λόγοιν
1263 4128 1455 4215 (ἀμφοτέρας

436 4251 499 4312 τοῖς
523 4242 623 4323 λόγους
645 4239 712 4320 ΒΟ)

266 4368 328 4432 περ.
354 4369 421 4435 cop.
445 4346 490 4410 ἐλ.
516 4347 537 4412 6
560 4366 591 4430 p.
619 4347 734 4413 168b1
769 4349 845 4412 δυοῖν
869 4343 978 4430 ὀρδοιῖν

617 4453 733 4519 luchs
765 4455 844 4520 δυοῖν
868 4453 962 4519 ὄντοιν

222 4545 435 4554 ---

314 4579 334 4682 ¹l
358 4614 443 4668 Locus
458 4613 531 4682 rap.
548 4613 604 4666 lla
618 4612 661 4676 31,
681 4629 765 4680 quem
783 4612 856 4666 inira
871 4631 897 4681 p.
914 4613 947 4666 14
962 4611 1083 4676 laudavi,
1104 4612 1180 4667 inter
1194 4609 1304 4682 spurios
1319 4613 1370 4666 est.
1402 4609 1452 4664 cir.

221 4703 315 4770 Zeller,
336 4703 382 4758 Gr.
402 4701 505 4757 Philos.
524 4701 559 4768 Il,
579 4703 604 4766 δ,
623 4701 666 4766 (il,
686 4704 742 4756 not.
763 4703 786 4756 1.
