3459 5200
921 398 965 463 48

330 598 362 656 et
389 590 584 675 participiis,
612 590 676 657 nisi
704 590 978 659 substantivorum
1005 591 1111 658 locum
1139 593 1308 677 tenebant,
1336 592 1445 659 dualis
1467 595 1556 660 notio

329 697 419 763 nulla
446 698 565 774 inerat,
596 695 655 763 sed
681 704 805 764 tantum
830 699 1042 782 congruentia
1066 697 1338 765 substantivorum
1361 700 1556 785 requirebat,

329 812 365 870 ut
388 803 516 870 dualem
540 803 718 873 induerent.
756 803 876 871 Contra
898 805 933 870 in
954 805 1197 891 pronominibus
1221 806 1484 873 demonstrativis
1506 810 1557 875 vis

329 910 487 995 quaedem
511 912 650 997 plastica
673 912 767 989 inest,
796 932 898 997 quare
925 913 958 977 in
989 912 1038 978 eis
1067 921 1099 978 et
1127 912 1160 977 in
1183 915 1396 979 membrorum
1420 914 1555 1001 paribus

328 1017 457 1084 dualem
489 1017 610 1084 diutius
642 1027 804 1085 servatum
832 1039 907 1086 esse
934 1020 1164 1104 intellegimus.
1217 1019 1283 1085 Sed
1310 1040 1373 1085 non
1405 1020 1509 1086 solnm
1538 1042 1557 1087 e

329 1124 576 1210 significatione,
597 1146 708 1192 verum
732 1125 828 1191 etiam
853 1147 872 1193 e
896 1126 1007 1192 formis
1030 1126 1112 1211 ipsis
1136 1125 1178 1192 de
1197 1127 1328 1193 interitu
1344 1126 1555 1193 indicandum

328 1233 399 1300 erit.
438 1231 530 1309 Quae
554 1232 638 1299 enim
662 1233 803 1299 maxime
826 1252 922 1299 rarae
945 1240 1039 1299 erant
1062 1234 1185 1299 formae
1208 1242 1241 1299 et
1264 1254 1335 1298 com
1357 1234 1555 1300 nominativo

327 1339 484 1424 singulari
517 1339 668 1405 conlundi
700 1345 859 1425 poterant,
893 1347 928 1404 nt
956 1339 989 1405 in
1016 1366 1065 1418 -ο,
1102 1348 1179 1405 ante
1212 1349 1338 1406 ceteras
1371 1339 1555 1407 exolevisse

326 1447 520 1533 putabimus.
567 1446 615 1511 Ac
639 1446 668 1511 si
691 1444 806 1512 duales
829 1446 999 1513 verborum
1022 1445 1147 1514 formae
1170 1446 1260 1532 prins
1284 1467 1380 1531 quam
1404 1448 1554 1515 snbstan-

326 1553 464 1619 tivorum
487 1553 686 1637 interierunt,
713 1552 1108 1619 nominativi-accusativi
1132 1553 1254 1619 formas
1277 1555 1553 1620 substantivorum

327 1661 424 1745 paulo
438 1668 514 1745 post
527 1665 657 1727 secutas
672 1679 745 1727 esse
759 1659 856 1726 facilc
872 1659 1184 1745 comprehendimus.
1221 1662 1303 1728 Nam
1329 1661 1458 1726 etiamsi
1481 1661 1553 1727 snb·

326 1767 444 1833 iectum
468 1787 539 1833 cum
562 1766 750 1853 praedicato
775 1768 808 1832 in
828 1787 959 1833 numero
975 1766 1065 1832 duali
1082 1768 1212 1833 omnino
1226 1787 1404 1851 congruere
1417 1787 1553 1834 neeesse

325 1894 389 1939 uon
422 1882 501 1957 erat,
535 1881 642 1941 tamen
675 1874 752 1957 quia
784 1872 893 1940 dualis
924 1874 1013 1939 verbi
1047 1894 1088 1943 ex
1120 1873 1283 1940 hominum
1315 1875 1469 1940 memoria
1498 1895 1552 1939 ex-

325 1980 463 2065 ciderat,
492 1980 526 2045 id
554 1988 640 2047 certe
670 1981 818 2047 effecisse
843 1981 991 2047 conicere
1015 1980 1140 2064 licebit,
1169 1990 1204 2045 ut
1231 1980 1420 2046 nominativi
1444 1979 1553 2047 dualis

325 2086 428 2153 forma
451 2087 584 2172 saepius
606 2086 724 2173 plurali
748 2085 887 2153 cederet

413 2192 506 2270 Quae
535 2195 642 2260 omnia
670 2194 738 2261 fere
770 2214 830 2260 usu
863 2194 1054 2280 scriptorum
1082 2194 1124 2258 ab
1152 2194 1284 2259 Homeri
1311 2200 1421 2259 aetate
1448 2214 1552 2277 nsque

324 2302 367 2366 ad
390 2310 535 2367 oratores
558 2301 684 2367 Atticos
707 2300 943 2367 confirmantur.
980 2301 1080 2365 Cuius
1103 2302 1150 2365 rei
1175 2299 1324 2385 exempla
1347 2320 1455 2385 pauca
1477 2321 1551 2387 pro-

323 2408 434 2475 feram.
479 2409 665 2474 Formarum
689 2410 722 2473 in
746 2428 899 2475 -cusum
923 2409 988 2473 iam
1012 2408 1248 2491 antiquissimis
1272 2409 1471 2494 temporibus
1493 2410 1551 2472 im-

324 2518 478 2583 minutum
515 2536 588 2583 esse
625 2516 851 2600 cognoscimus
888 2536 929 2581 cx
966 2514 1136 2601 Aeschylo,
1174 2514 1347 2601 Sophocle,
1384 2513 1552 2601 Euripide,

323 2624 554 2710 Aristophane,
583 2625 638 2707 qui
666 2643 737 2690 cum
766 2627 817 2689 δὺο
840 2622 999 2690 vocabulo
1022 2624 1147 2709 primae
1170 2622 1397 2688 declinationis
1420 2624 1552 2689 dualem

323 2734 448 2818 novies,
482 2732 639 2817 pluralem
671 2733 772 2798 vicies
805 2738 868 2814 ter,
902 2732 1066 2797 secundae
1104 2740 1137 2796 et
1170 2731 1286 2796 tertiae
1322 2730 1551 2797 declinationis

322 2839 450 2907 dualem
481 2839 697 2923 quinquagies
726 2838 835 2922 semel,
864 2838 1022 2924 pluralem
1051 2838 1151 2904 octies
1181 2839 1422 2904 coniunxerunt.
1468 2836 1549 2904 Ver-

323 2949 432 3013 borum
455 2946 584 3012 dualem
609 2947 672 3011 oitc
697 2945 870 3012 evanuisse
893 2945 977 3010 tituli
1001 2945 1098 3010 Attici
1122 2965 1182 3012 nos
1205 2943 1391 3011 docuerunt
1426 2943 1547 3020 Quam-

321 3075 415 3138 quam
444 3052 533 3140 apnd
562 3053 735 3138 scriptores
758 3052 909 3118 Platonis
935 3052 1004 3118 foro
1027 3052 1183 3135 aequales
1207 3050 1378 3117 formarum
1403 3051 1548 3115 dualium

322 3180 472 3226 uumerus
496 3180 559 3226 non
582 3159 685 3224 minor
708 3167 787 3243 erat,
811 3166 920 3224 tamon
943 3157 1050 3224 dualis
1072 3159 1123 3224 vis
1146 3157 1319 3222 debilitata
1342 3166 1422 3224 erat.
1463 3157 1549 3222 Nam

321 3269 373 3334 δὺο
401 3267 501 3332 multo
531 3267 662 3352 saepius
691 3287 762 3332 oum
785 3266 904 3352 plurali
928 3285 1025 3349 qnam
1049 3285 1121 3330 oum
1146 3264 1236 3330 duali
1260 3265 1463 3330 coniunctum
1487 3272 1547 3340 est,

320 3375 494 3460 pleraeque
526 3382 633 3439 autem
666 3372 789 3438 formae
821 3371 936 3438 duales
968 3371 1102 3438 voculas
1133 3373 1212 3437 δυοῖν
1247 3380 1279 3436 et
1309 3369 1421 3459 ἀμφοῖν
1453 3370 1549 3453 quasi

320 3479 516 3546 adminicula
553 3481 802 3546 arcessiverunt.
859 3480 972 3563 Usque
1009 3478 1051 3543 ad
1089 3477 1123 3543 id
1159 3485 1287 3563 tempus
1323 3477 1431 3543 dualis
1467 3499 1549 3545 usus

319 3587 438 3654 sensim
454 3586 672 3671 decrescebat,
696 3586 784 3672 apud
799 3587 1007 3653 Aristotelem
1023 3586 1093 3652 eins
1108 3585 1202 3650 ruina
1225 3585 1376 3650 absoluta
1399 3595 1547 3669 apparet

318 3694 401 3763 Nam
432 3713 536 3777 neque
562 3693 653 3759 verbi
682 3691 788 3758 dualis
817 3700 955 3778 excepta
983 3713 1048 3758 una
1072 3692 1174 3757 forma
1198 3692 1294 3778 ἥοτην
1316 3711 1421 3775 neque
1444 3691 1546 3756 nomi-

319 3820 393 3865 num
417 3799 798 3866 nominativi-accusativi
820 3799 920 3864 nllnm
944 3798 1125 3883 exemplum
1148 3799 1182 3863 in
1205 3800 1275 3864 cius
1294 3799 1386 3864 libris
1402 3805 1545 3863 exstant.

318 3906 417 3974 Solae
444 3907 477 3972 in
505 3930 570 3972 -οιιν
594 3913 626 3972 et
649 3930 708 3972 -οιν
740 3905 862 3973 formae
894 3913 1082 3971 manserunt
1114 3912 1212 3987 atque
1245 3924 1304 3971 eae
1336 3925 1447 3970 omnes
1477 3903 1547 3970 fere

318 4035 389 4078 onm
419 4016 500 4078 δυοῖν
528 4020 560 4078 et
588 4012 696 4100 ἀμφοῖν
732 4013 938 4095 coniunctae,
971 4012 1019 4076 ita
1050 4020 1085 4077 nt
1113 4011 1262 4079 dubitare
1290 4031 1354 4076 non
1382 4011 1547 4096 possimus

318 4121 394 4204 quin
426 4119 620 4186 attractione
656 4118 798 4202 quadam
835 4119 1009 4184 formarum
1045 4119 1151 4202 magis
1188 4138 1285 4202 qnam
1323 4118 1399 4182 viva
1436 4117 1547 4182 adhuc

318 4227 425 4294 dualis
445 4228 477 4292 vi
498 4227 728 4293 contineantur.
766 4225 984 4303 Quaerere
1008 4245 1081 4290 non
1105 4225 1336 4290 coniunctae
1360 4223 1544 4290 exhiben-

316 4343 391 4418 tur,
437 4353 565 4398 omnes
613 4332 692 4397 iere
738 4333 886 4418 parium
925 4332 1175 4397 membrorum
1212 4341 1299 4398 sunt
1336 4330 1544 4414 significa-

317 4441 486 4520 tiones.¹)

317 4550 528 4558 -——-...-—-

409 4583 429 4650 ¹)
453 4581 641 4637 Memorabilis
665 4600 731 4637 sane
755 4586 796 4637 est
820 4583 895 4636 locus
917 4593 969 4650 περ.
993 4597 1048 4649 cop.
1072 4577 1144 4647 ζῴων
1163 4580 1243 4651 1np.
1263 4580 1389 4634 ‘111221
1413 4596 1469 4648 quo
1490 4583 1545 4630 τοῖν

316 4669 415 4722 cuelcio
433 4689 489 4726 non
508 4671 541 4726 de
561 4689 624 4733 uno,
649 4673 696 4726 sed
715 4671 750 4726 de
769 4670 957 4739 compluribus
978 4669 1094 4741 paribus
1114 4687 1225 4724 erutum
1243 4669 1355 4724 dicitur.
1392 4669 1451 4722 Hoc
1468 4667 1544 4722 enim
