3459 5200
295 1508 456 1628 Guilelmi
472 1549 748 1618 lloerscbelmann
767 1555 866 1633 atque
880 1547 1034 1616 Guilelmi
1048 1547 1252 1617 Studemund
1264 1549 1430 1618 indefesso

206 1660 316 1728 labore
337 1665 509 1746 postquam
533 1678 553 1724 e
575 1656 843 1724 bibliothecarum
873 1654 1008 1724 latebris
1040 1655 1074 1723 in
1105 1656 1213 1724 lucem
1243 1655 1324 1724 editi
1355 1664 1431 1726 sunt

206 1767 395 1854 scriptorum
419 1765 461 1833 de
483 1785 518 1833 re
541 1763 676 1832 metrica
699 1763 897 1832 Graecorum
925 1762 998 1830 libri
1025 1763 1203 1849 libellique,
1235 1763 1299 1830 riri
1331 1764 1430 1852 docti,

205 1873 321 1961 quibus
343 1872 482 1941 uinculis
505 1871 666 1940 variorum
689 1877 855 1938 auctomm
877 1869 920 1938 dc
942 1890 977 1938 re
999 1872 1135 1940 metrica
1149 1879 1328 1959 praecepta
1339 1873 1424 1942 inter

205 2003 242 2050 se
264 1981 483 2066 cohaererent,
506 1979 662 2067 expedire
689 1986 721 2048 et
748 1977 903 2048 metricae
930 1977 1097 2047 doctrinae
1125 1979 1317 2066 iragmema,
1344 2001 1431 2066 quac

204 2088 400 2158 delituerunt
422 2108 495 2156 cum
517 2087 593 2154 aliis
616 2086 650 2154 iu
673 2086 764 2154 libris
786 2093 853 2154 tum
876 2087 911 2152 in
933 2085 1130 2154 scholiorum
1151 2088 1349 2175 corporibus,
1363 2089 1428 2156 col·

203 2197 305 2283 ligere
336 2202 434 2282 atque
466 2194 640 2282 disponere
673 2193 890 2281 coeperunt.²)
939 2194 1028 2262 Inter
1058 2193 1118 2263 bos
1149 2196 1237 2264 uiros
1268 2196 1428 2274 Henricus

203 2306 403 2375 Grossmann
426 2324 467 2371 ex
489 2302 652 2371 Eustatbii
675 2302 914 2372 commentariis
942 2302 1111 2372 uberrimis
1143 2324 1216 2373 cum
1247 2303 1429 2389 fragmenta

204 2433 287 2498 quae
315 2411 359 2480 ad
390 2432 459 2480 rem
489 2413 657 2480 metricam
688 2411 818 2499 proprie
850 2410 973 2478 dictam
1004 2411 1166 2498 pertinent
1197 2413 1428 2499 congessisset,

203 2519 363 2588 (iuilelmo
387 2517 588 2587 Studemund
611 2538 747 2588 suasore
770 2539 811 2586 cx
833 2518 960 2588 eisdem
987 2519 1226 2587 commentariis
1247 2519 1428 2606 conquisivi

203 2627 340 2696 frustula
362 2627 479 2711 quibus
502 2627 712 2713 quaestiones
739 2625 957 2713 prosodiacae
983 2633 1172 2713 tractantur,
1205 2635 1239 2695 et
1270 2646 1311 2695 ea
1342 2647 1428 2713 quac

202 2735 310 2803 uerbis
333 2737 436 2801 διὰτὸ
460 2739 562 2823 μέτρον
591 2733 816 2820 similibusque
849 2732 973 2803 additia
1005 2741 1120 2801 notata
1151 2741 1227 2803 sunt
1258 2743 1292 2802 et
1323 2754 1365 2803 ea
1395 2736 1428 2801 in

203 2841 318 2927 quibus
341 2841 435 2908 metri
456 2840 547 2909 nulla
569 2840 607 2908 tit
628 2841 758 2911 mentio.
804 2841 854 2907 Ex
878 2847 976 2909 vasta
999 2841 1254 2927 fragmentorum
1276 2862 1361 2927 quae
1383 2840 1428 2909 ad

202 2948 285 3016 banc
322 2946 501 3016 doctrinam
536 2953 687 3034 spectant
722 2948 818 3035 copia
855 2968 952 3033 quam
988 2948 1129 3017 maxime
1158 2948 1279 3018 iudicio
1312 2948 1428 3019 Oscari

202 3054 342 3141 Seyffert
364 3054 1052 3141 (8881188881118183188118118811888818111
1071 3077 1100 3124 a.
1113 3058 1198 3125 1888
1217 3078 1249 3144 p.
1267 3059 1426 3141 124088.)

201 3162 353 3230 incitatus
382 3182 422 3229 ea
450 3182 534 3247 quae
562 3162 605 3229 ad
636 3161 797 3229 vocalium
820 3168 909 3223 1111
940 3182 1033 3231 usum
1054 3158 1226 3251 ‘pertinent
1255 3164 1427 3231 tractanda

202 3270 335 3358 sumpsi.
382 3268 474 3349 Quae
500 3268 639 3338 frustula
666 3278 701 3339 ut
732 3276 819 3338 recte
852 3270 1071 3358 explanarem,
1101 3277 1323 3359 perscrutatus
1355 3291 1426 3339 snm

201 3399 274 3446 cum
296 3378 588 3464 grammaticorum,
612 3376 826 3465 metricorum,
847 3377 1019 3466 rhetorum,
1033 3379 1169 3447 aliorum
1183 3380 1238 3464 qui
1252 3399 1305 3448 res
1319 3400 1426 3465 gram·

201 3487 338 3555 maticas
362 3486 579 3570 metricaeque
601 3506 660 3573 pcr
673 3485 877 3554 occasionem
892 3494 1222 3553 commemoraverunt
1234 3488 1425 3573 scriptorum

201 3614 302 3681 opera
325 3614 408 3677 quac
431 3600 572 3661 aeuum
594 3593 736 3663 tulerunt
758 3601 856 3679 atquc
880 3599 1043 3680 excerpta,
1067 3602 1134 3661 tum
1160 3592 1286 3661 scholia
1309 3594 1425 3679 quibus

201 3709 369 3789 poctarum
393 3702 555 3787 epicorum
578 3702 731 3787 carmina,
746 3702 967 3771 scaenicorum
986 3700 1127 3787 fabulae,
1144 3702 1425 3786 grammaticorum

200 3807 404 3875 metricorum
426 3807 587 3877 rhetorum
611 3816 699 3877 artes
721 3810 898 3877 instructae
921 3816 1005 3877 sunt.
1049 3808 1163 3894 Neque
1185 3808 1366 3895 supersedi,
1388 3816 1425 3875 ut

291 4058 316 4131 ι)
344 4060 384 4117 Oi.
403 4060 573 4117 liudericum
592 4060 681 4127 Voltu,
705 4060 740 4117 de
758 4060 841 4117 Helia
858 4060 1002 4128 monacho,
1026 4060 1121 4115 isaaco
1138 4061 1281 4127 monacho,
1305 4060 1423 4117 Pseudo·
1454 4048 1459 4055 ’

200 4152 324 4208 hacona
342 4149 522 4221 scriptoribus
546 4149 668 4207 mctmcis
691 4149 854 4221 byzantinis
878 4148 1039 4221 (Argentor.
1059 4146 1151 4219 1888),
1174 4149 1327 4221 Georgium
1349 4151 1424 4207 Rau·

200 4242 286 4308 soher,
305 4241 340 4297 de
357 4240 469 4297 scholiis
487 4240 639 4297 Homericis
658 4240 695 4296 ad
713 4257 771 4296 rem
792 4240 937 4297 metricum
955 4238 1160 4311 pertinentibus
1178 4238 1227 4308 (ib.
1242 4238 1331 4307 1886),
1349 4240 1424 4297 Hen-

199 4331 289 4387 ricum
307 4330 485 4397 bresenono,
504 4329 539 4387 de
557 4330 699 4386 doctrinae
717 4328 849 4385 metricae
867 4328 993 4399 reliquiis
1011 4330 1047 4385 ab
1065 4328 1214 4385 Euatatbio
1232 4328 1349 4385 sanatis
1371 4328 1423 4398 (ib.

202 4420 289 4489 1881),
308 4420 459 4491 Georgium
477 4420 580 4486 Amsel,
599 4419 632 4476 de
649 4418 678 4475 vi
697 4421 785 4490 cique
803 4419 898 4475 indole
915 4419 1108 4491 rluvtbmorum
1131 4418 1199 4488 quid
1220 4421 1328 4475 veteres
1350 4418 1422 4475 iudi·

200 4510 324 4566 cnvcrint
342 4510 470 4578 (Vratisl.
491 4509 579 4577 1881),
606 4507 832 4564 Maximilianum
859 4508 1027 4573 Oouebrucb‚
1055 4508 1091 4564 de
1117 4507 1347 4579 Hephaestionem
1373 4510 1423 4578 qui

200 4598 431 4655 circumferuntur
448 4598 502 4669 capi
520 4596 660 4668 ποιήματος
678 4597 882 4655 commentnriis
900 4597 948 4666 (ib.
967 4597 1059 4665 1890);
1087 4597 1122 4653 cf.
1141 4595 1228 4654 etiam
1252 4596 1422 4655 Guilelmum

200 4688 443 4757 Hoerscbelmanc,
462 4689 507 4745 eiu
524 4686 709 4758 griechischen
727 4687 873 4743 Lembuch
891 4687 939 4744 der
956 4686 1062 4743 Metrilr
1078 4685 1209 4757 (Dorpati
1228 4687 1319 4755 1888).

1247 4796 1261 4852 1
