<?xml version="1.0" encoding="UTF-8"?>
<!DOCTYPE html PUBLIC "-//W3C//DTD XHTML 1.0 Transitional//EN"
    "http://www.w3.org/TR/xhtml1/DTD/xhtml1-transitional.dtd">
<html xmlns="http://www.w3.org/1999/xhtml" xml:lang="en" lang="en">
 <head>
  <title>
</title>
<meta http-equiv="Content-Type" content="text/html;charset=utf-8" />
  <meta name='ocr-system' content='tesseract 3.04.00' />
  <meta name='ocr-capabilities' content='ocr_page ocr_carea ocr_par ocr_line ocrx_word'/>
</head>
<body>
  <div class='ocr_page' id='page_1' title='image "./detacitosenecae00zimmgoog_0502.png"; bbox 0 0 3459 5200; ppageno 0'>
   <div class='ocr_carea' id='block_1_1' title="bbox 859 458 902 525">
    <p class='ocr_par' dir='ltr' id='par_1_1' title="bbox 859 458 902 525">
     <span class='ocr_line' id='line_1_1' title="bbox 859 458 902 525; baseline 0 0"><span class='ocrx_word' id='word_1_1' title='bbox 859 458 902 525; x_wconf 87' lang='lat'><strong>31</strong></span> 
     </span>
    </p>
   </div>
   <div class='ocr_carea' id='block_1_2' title="bbox 270 654 1494 844">
    <p class='ocr_par' dir='ltr' id='par_1_2' title="bbox 270 654 1494 844">
     <span class='ocr_line' id='line_1_2' title="bbox 270 654 1494 741; baseline 0.001 -22"><span class='ocrx_word' id='word_1_2' title='bbox 270 673 390 739; x_wconf 82' lang='lat' dir='ltr'><strong>parvus</strong></span> <span class='ocrx_word' id='word_1_3' title='bbox 418 660 521 721; x_wconf 81' lang='lat' dir='ltr'><strong>restet</strong></span> <span class='ocrx_word' id='word_1_4' title='bbox 548 674 697 721; x_wconf 88' lang='lat' dir='ltr'><strong>numerus</strong></span> <span class='ocrx_word' id='word_1_5' title='bbox 725 654 900 721; x_wconf 86' lang='lat' dir='ltr'><strong>lectionum</strong></span> <span class='ocrx_word' id='word_1_6' title='bbox 929 654 1076 722; x_wconf 90' lang='lat' dir='ltr'><strong>codicum</strong></span> <span class='ocrx_word' id='word_1_7' title='bbox 1104 654 1132 721; x_wconf 99' lang='grc' dir='ltr'>Ε</span> <span class='ocrx_word' id='word_1_8' title='bbox 1159 661 1191 721; x_wconf 89' lang='lat' dir='ltr'><strong>et</strong></span> <span class='ocrx_word' id='word_1_9' title='bbox 1214 654 1240 719; x_wconf 91' lang='lat' dir='ltr'>B</span> <span class='ocrx_word' id='word_1_10' title='bbox 1273 654 1494 741; x_wconf 86' lang='lat' dir='ltr'><strong>communium,</strong></span> 
     </span>
     <span class='ocr_line' id='line_1_3' title="bbox 271 761 893 844; baseline 0.01 -18"><span class='ocrx_word' id='word_1_11' title='bbox 271 779 355 844; x_wconf 79' lang='lat' dir='ltr'><strong>quoe</strong></span> <span class='ocrx_word' id='word_1_12' title='bbox 378 761 568 829; x_wconf 86' lang='lat' dir='ltr'><strong>correctoris</strong></span> <span class='ocrx_word' id='word_1_13' title='bbox 591 762 702 828; x_wconf 81' lang='lat' dir='ltr'><strong>monui</strong></span> <span class='ocrx_word' id='word_1_14' title='bbox 725 761 893 832; x_wconf 82' lang='lat' dir='ltr'>debentur.</span> 
     </span>
    </p>
   </div>
   <div class='ocr_carea' id='block_1_3' title="bbox 271 920 1308 1152">
    <p class='ocr_par' dir='ltr' id='par_1_3' title="bbox 271 920 1308 1152">
     <span class='ocr_line' id='line_1_4' title="bbox 271 920 636 1010; baseline 0.014 -23"><span class='ocrx_word' id='word_1_15' title='bbox 271 920 466 1010; x_wconf 79' lang='lat' dir='ltr'><strong>Conspircut</strong></span> <span class='ocrx_word' id='word_1_16' title='bbox 487 923 515 989; x_wconf 93' lang='grc' dir='ltr'>Ε</span> <span class='ocrx_word' id='word_1_17' title='bbox 538 929 572 991; x_wconf 89' lang='lat' dir='ltr'><strong>et</strong></span> <span class='ocrx_word' id='word_1_18' title='bbox 593 922 636 992; x_wconf 90' lang='lat' dir='ltr'><strong>B:</strong></span> 
     </span>
     <span class='ocr_line' id='line_1_5' title="bbox 615 1064 1308 1152; baseline 0 -21"><span class='ocrx_word' id='word_1_19' title='bbox 615 1066 671 1132; x_wconf 88' lang='grc' dir='ltr'><strong>ΒΕ</strong></span> <span class='ocrx_word' id='word_1_20' title='bbox 1148 1064 1308 1152; x_wconf 61' lang='lat' dir='ltr'><strong>Auum)</strong></span> 
     </span>
    </p>
   </div>
   <div class='ocr_carea' id='block_1_4' title="bbox 270 1207 1492 2357">
    <p class='ocr_par' dir='ltr' id='par_1_4' title="bbox 270 1207 1162 1296">
     <span class='ocr_line' id='line_1_6' title="bbox 270 1207 1162 1296; baseline 0.002 -22"><span class='ocrx_word' id='word_1_21' title='bbox 270 1207 347 1277; x_wconf 85' lang='lat' dir='ltr'><strong>diui.</strong></span> <span class='ocrx_word' id='word_1_22' title='bbox 378 1210 473 1277; x_wconf 84' lang='lat'>11.18</span> <span class='ocrx_word' id='word_1_23' title='bbox 495 1212 672 1295; x_wconf 80' lang='lat' dir='ltr'><strong>irrumpunt</strong></span> <span class='ocrx_word' id='word_1_24' title='bbox 960 1212 1162 1296; x_wconf 73' lang='lat' dir='ltr'><strong>icmpcuot&#39;</strong></span> 
     </span>
    </p>

    <p class='ocr_par' dir='ltr' id='par_1_5' title="bbox 379 1317 1036 1386">
     <span class='ocr_line' id='line_1_7' title="bbox 379 1317 1036 1386; baseline 0.002 -2"><span class='ocrx_word' id='word_1_25' title='bbox 379 1317 450 1386; x_wconf 85' lang='lat'>15.1</span> <span class='ocrx_word' id='word_1_26' title='bbox 496 1340 560 1383; x_wconf 83' lang='lat' dir='ltr'><strong>ooo</strong></span> <span class='ocrx_word' id='word_1_27' title='bbox 960 1340 1036 1385; x_wconf 84' lang='lat' dir='ltr'><strong>oum</strong></span> 
     </span>
    </p>

    <p class='ocr_par' dir='ltr' id='par_1_6' title="bbox 376 1425 1053 1492">
     <span class='ocr_line' id='line_1_8' title="bbox 376 1425 1053 1492; baseline 0 0"><span class='ocrx_word' id='word_1_28' title='bbox 376 1427 451 1492; x_wconf 65' lang='lat'><strong>289</strong></span> <span class='ocrx_word' id='word_1_29' title='bbox 496 1428 531 1490; x_wconf 82' lang='lat' dir='ltr'><strong>io</strong></span> <span class='ocrx_word' id='word_1_30' title='bbox 962 1425 1053 1492; x_wconf 89' lang='lat' dir='ltr'><strong>omis.</strong></span> 
     </span>
    </p>

    <p class='ocr_par' dir='ltr' id='par_1_7' title="bbox 316 1532 1492 1833">
     <span class='ocr_line' id='line_1_9' title="bbox 316 1532 1053 1619; baseline 0.001 -19"><span class='ocrx_word' id='word_1_31' title='bbox 316 1552 320 1561; x_wconf 91' lang='lat'>·</span> <span class='ocrx_word' id='word_1_32' title='bbox 379 1534 450 1602; x_wconf 64' lang='lat'><strong>165&gt;</strong></span> <span class='ocrx_word' id='word_1_33' title='bbox 496 1533 573 1598; x_wconf 80' lang='lat' dir='ltr'><strong>eiB</strong></span> <span class='ocrx_word' id='word_1_34' title='bbox 606 1553 705 1619; x_wconf 82' lang='lat' dir='ltr'><strong>supra</strong></span> <span class='ocrx_word' id='word_1_35' title='bbox 727 1532 863 1602; x_wconf 81' lang='lat' dir='ltr'><strong>uorsE</strong></span> <span class='ocrx_word' id='word_1_36' title='bbox 961 1534 1053 1602; x_wconf 87' lang='lat' dir='ltr'><strong>omis.</strong></span> 
     </span>
     <span class='ocr_line' id='line_1_10' title="bbox 379 1639 1492 1725; baseline 0.001 -20"><span class='ocrx_word' id='word_1_37' title='bbox 379 1642 450 1707; x_wconf 74' lang='lat'><strong>172</strong></span> <span class='ocrx_word' id='word_1_38' title='bbox 496 1642 747 1707; x_wconf 72' lang='lat' dir='ltr'><strong>MmcniumBE</strong></span> <span class='ocrx_word' id='word_1_39' title='bbox 762 1641 907 1725; x_wconf 84' lang='lat' dir='ltr'><strong>inmurg.</strong></span> <span class='ocrx_word' id='word_1_40' title='bbox 961 1643 1156 1709; x_wconf 67' lang='lat' dir='ltr'><strong>memmium</strong></span> <span class='ocrx_word' id='word_1_41' title='bbox 1175 1640 1282 1724; x_wconf 80' lang='lat' dir='ltr'><strong>(inv,</strong></span> <span class='ocrx_word' id='word_1_42' title='bbox 1306 1660 1347 1706; x_wconf 92' lang='grc' dir='ltr'><strong>ιιι.</strong></span> <span class='ocrx_word' id='word_1_43' title='bbox 1367 1639 1399 1707; x_wconf 92' lang='grc' dir='ltr'><strong>ΙΙ</strong></span> <span class='ocrx_word' id='word_1_44' title='bbox 1420 1660 1492 1707; x_wconf 91' lang='lat' dir='ltr'><strong>con-</strong></span> 
     </span>
     <span class='ocr_line' id='line_1_11' title="bbox 1006 1748 1130 1833; baseline 0 -19"><span class='ocrx_word' id='word_1_45' title='bbox 1006 1748 1130 1833; x_wconf 81' lang='lat' dir='ltr'><strong>iuncta)</strong></span> 
     </span>
    </p>

    <p class='ocr_par' dir='ltr' id='par_1_8' title="bbox 376 1856 1492 2357">
     <span class='ocr_line' id='line_1_12' title="bbox 379 1856 1492 1940; baseline 0 -18"><span class='ocrx_word' id='word_1_46' title='bbox 379 1857 473 1923; x_wconf 78' lang='lat'>19.17</span> <span class='ocrx_word' id='word_1_47' title='bbox 498 1858 644 1921; x_wconf 77' lang='lat' dir='ltr'><strong>odoratus</strong></span> <span class='ocrx_word' id='word_1_48' title='bbox 667 1856 694 1921; x_wconf 95' lang='lat' dir='ltr'>B</span> <span class='ocrx_word' id='word_1_49' title='bbox 717 1856 872 1924; x_wconf 77' lang='lat' dir='ltr'><strong>Eecorr.</strong></span> <span class='ocrx_word' id='word_1_50' title='bbox 963 1860 1112 1923; x_wconf 74' lang='lat' dir='ltr'><strong>admotus</strong></span> <span class='ocrx_word' id='word_1_51' title='bbox 1136 1857 1183 1940; x_wconf 78' lang='lat' dir='ltr'><strong>(in</strong></span> <span class='ocrx_word' id='word_1_52' title='bbox 1197 1858 1240 1940; x_wconf 81' lang='lat' dir='ltr'><strong>V,</strong></span> <span class='ocrx_word' id='word_1_53' title='bbox 1267 1878 1308 1925; x_wconf 92' lang='lat' dir='ltr'><strong>m.</strong></span> <span class='ocrx_word' id='word_1_54' title='bbox 1333 1856 1366 1920; x_wconf 96' lang='lat' dir='ltr'><strong>lI</strong></span> <span class='ocrx_word' id='word_1_55' title='bbox 1389 1876 1492 1922; x_wconf 89' lang='lat' dir='ltr'><strong>omen·</strong></span> 
     </span>
     <span class='ocr_line' id='line_1_13' title="bbox 767 1964 1279 2054; baseline -0.004 -22"><span class='ocrx_word' id='word_1_56' title='bbox 767 2020 798 2054; x_wconf 75' lang='lat' dir='ltr'><strong>rc</strong></span> <span class='ocrx_word' id='word_1_57' title='bbox 1007 1964 1098 2033; x_wconf 76' lang='lat' dir='ltr'><strong>davit</strong></span> <span class='ocrx_word' id='word_1_58' title='bbox 1120 1968 1279 2045; x_wconf 78' lang='lat' dir='ltr'><strong>odoratus)</strong></span> 
     </span>
     <span class='ocr_line' id='line_1_14' title="bbox 380 2072 1080 2140; baseline 0.006 -4"><span class='ocrx_word' id='word_1_59' title='bbox 380 2072 474 2137; x_wconf 82' lang='lat'>19.18</span> <span class='ocrx_word' id='word_1_60' title='bbox 496 2074 649 2137; x_wconf 73' lang='lat' dir='ltr'><strong>uideretm</strong></span> <span class='ocrx_word' id='word_1_61' title='bbox 671 2072 700 2137; x_wconf 94' lang='lat' dir='ltr'><strong>B</strong></span> <span class='ocrx_word' id='word_1_62' title='bbox 722 2075 841 2138; x_wconf 73' lang='lat' dir='ltr'><strong>uidetm</strong></span> <span class='ocrx_word' id='word_1_63' title='bbox 863 2073 890 2138; x_wconf 88' lang='grc' dir='ltr'>Ε</span> <span class='ocrx_word' id='word_1_64' title='bbox 961 2076 1080 2140; x_wconf 83' lang='lat' dir='ltr'><strong>uidetur</strong></span> 
     </span>
     <span class='ocr_line' id='line_1_15' title="bbox 376 2180 1053 2267; baseline 0.006 -22"><span class='ocrx_word' id='word_1_65' title='bbox 376 2180 451 2245; x_wconf 67' lang='lat'><strong>204</strong></span> <span class='ocrx_word' id='word_1_66' title='bbox 495 2180 582 2245; x_wconf 84' lang='lat' dir='ltr'><strong>ch</strong></span> <span class='ocrx_word' id='word_1_67' title='bbox 628 2200 728 2267; x_wconf 80' lang='lat' dir='ltr'><strong>supro</strong></span> <span class='ocrx_word' id='word_1_68' title='bbox 750 2180 886 2249; x_wconf 89' lang='lat' dir='ltr'><strong>vers.B</strong></span> <span class='ocrx_word' id='word_1_69' title='bbox 962 2183 1053 2250; x_wconf 90' lang='lat' dir='ltr'><strong>omis.</strong></span> 
     </span>
     <span class='ocr_line' id='line_1_16' title="bbox 376 2287 1077 2357; baseline 0.006 -5"><span class='ocrx_word' id='word_1_70' title='bbox 376 2288 469 2353; x_wconf 69' lang='lat'><strong>2821</strong></span> <span class='ocrx_word' id='word_1_71' title='bbox 494 2290 595 2352; x_wconf 77' lang='lat' dir='ltr'><strong>dicere</strong></span> <span class='ocrx_word' id='word_1_72' title='bbox 616 2287 643 2352; x_wconf 85' lang='lat' dir='ltr'>E</span> <span class='ocrx_word' id='word_1_73' title='bbox 665 2289 837 2354; x_wconf 62' lang='lat' dir='ltr'><strong>diecech</strong></span> <span class='ocrx_word' id='word_1_74' title='bbox 961 2293 1077 2357; x_wconf 80' lang='lat' dir='ltr'><strong>discere</strong></span> 
     </span>
    </p>
   </div>
   <div class='ocr_carea' id='block_1_5' title="bbox 498 2396 641 2450">
    <p class='ocr_par' dir='ltr' id='par_1_9' title="bbox 498 2396 641 2450">
     <span class='ocr_line' id='line_1_17' title="bbox 498 2396 641 2450; baseline 0.007 -2"><span class='ocrx_word' id='word_1_75' title='bbox 498 2396 641 2450; x_wconf 76' lang='lat' dir='ltr'><strong>morumb</strong></span> 
     </span>
    </p>
   </div>
   <div class='ocr_carea' id='block_1_6' title="bbox 376 2475 1347 3002">
    <p class='ocr_par' dir='ltr' id='par_1_10' title="bbox 399 2475 1347 2661">
     <span class='ocr_line' id='line_1_18' title="bbox 399 2475 1347 2555; baseline 0 -5"><span class='ocrx_word' id='word_1_76' title='bbox 399 2486 472 2551; x_wconf 78' lang='grc'><strong>7.16</strong></span> <span class='ocrx_word' id='word_1_77' title='bbox 497 2475 695 2551; x_wconf 54' lang='lat' dir='ltr'><strong>monstreris</strong></span> <span class='ocrx_word' id='word_1_78' title='bbox 718 2487 834 2552; x_wconf 78' lang='lat' dir='ltr'><strong>indoles</strong></span> <span class='ocrx_word' id='word_1_79' title='bbox 857 2486 885 2550; x_wconf 90' lang='grc' dir='ltr'>Β</span> <span class='ocrx_word' id='word_1_80' title='bbox 961 2488 1052 2555; x_wconf 83' lang='lat' dir='ltr'><strong>modo</strong></span> <span class='ocrx_word' id='word_1_81' title='bbox 1074 2495 1158 2552; x_wconf 81' lang='lat' dir='ltr'><strong>recta</strong></span> <span class='ocrx_word' id='word_1_82' title='bbox 1181 2494 1209 2551; x_wconf 84' lang='lat' dir='ltr'><strong>ct</strong></span> <span class='ocrx_word' id='word_1_83' title='bbox 1230 2486 1347 2551; x_wconf 79' lang='lat' dir='ltr'><strong>indoleo</strong></span> 
     </span>
     <span class='ocr_line' id='line_1_19' title="bbox 496 2592 880 2661; baseline 0.008 -3"><span class='ocrx_word' id='word_1_84' title='bbox 496 2594 585 2660; x_wconf 85' lang='lat' dir='ltr'><strong>modo</strong></span> <span class='ocrx_word' id='word_1_85' title='bbox 607 2603 691 2659; x_wconf 84' lang='lat' dir='ltr'><strong>recta</strong></span> <span class='ocrx_word' id='word_1_86' title='bbox 712 2596 830 2661; x_wconf 80' lang='lat' dir='ltr'><strong>indoleo</strong></span> <span class='ocrx_word' id='word_1_87' title='bbox 852 2592 880 2660; x_wconf 88' lang='grc' dir='ltr'>Ε</span> 
     </span>
    </p>

    <p class='ocr_par' dir='ltr' id='par_1_11' title="bbox 378 2701 1056 2770">
     <span class='ocr_line' id='line_1_20' title="bbox 378 2701 1056 2770; baseline 0.006 -4"><span class='ocrx_word' id='word_1_88' title='bbox 378 2701 451 2766; x_wconf 77' lang='grc'><strong>17.4</strong></span> <span class='ocrx_word' id='word_1_89' title='bbox 498 2701 632 2767; x_wconf 82' lang='lat' dir='ltr'><strong>Coelium</strong></span> <span class='ocrx_word' id='word_1_90' title='bbox 655 2702 682 2767; x_wconf 93' lang='lat' dir='ltr'>B</span> <span class='ocrx_word' id='word_1_91' title='bbox 709 2703 829 2770; x_wconf 84' lang='lat' dir='ltr'><strong>Colium</strong></span> <span class='ocrx_word' id='word_1_92' title='bbox 851 2703 880 2767; x_wconf 86' lang='grc' dir='ltr'>Ε</span> <span class='ocrx_word' id='word_1_93' title='bbox 960 2707 1056 2770; x_wconf 83' lang='lat' dir='ltr'><strong>olium</strong></span> 
     </span>
    </p>

    <p class='ocr_par' dir='ltr' id='par_1_12' title="bbox 376 2808 1323 3002">
     <span class='ocr_line' id='line_1_21' title="bbox 376 2808 1323 2894; baseline -0.002 -20"><span class='ocrx_word' id='word_1_94' title='bbox 376 2809 472 2876; x_wconf 71' lang='lat'><strong>3329</strong></span> <span class='ocrx_word' id='word_1_95' title='bbox 495 2809 759 2876; x_wconf 77' lang='lat' dir='ltr'><strong>ctomotummB</strong></span> <span class='ocrx_word' id='word_1_96' title='bbox 782 2811 825 2894; x_wconf 85' lang='lat' dir='ltr'><strong>(et</strong></span> <span class='ocrx_word' id='word_1_97' title='bbox 839 2829 906 2876; x_wconf 88' lang='lat' dir='ltr'><strong>cor·</strong></span> <span class='ocrx_word' id='word_1_98' title='bbox 959 2821 989 2877; x_wconf 86' lang='lat' dir='ltr'><strong>ct</strong></span> <span class='ocrx_word' id='word_1_99' title='bbox 1011 2819 1193 2878; x_wconf 66' lang='lat' dir='ltr'><strong>cumeorum</strong></span> <span class='ocrx_word' id='word_1_100' title='bbox 1216 2808 1323 2891; x_wconf 80' lang='lat' dir='ltr'><strong>AV,D</strong></span> 
     </span>
     <span class='ocr_line' id='line_1_22' title="bbox 496 2913 1266 3002; baseline 0.003 -22"><span class='ocrx_word' id='word_1_101' title='bbox 496 2922 643 2985; x_wconf 88' lang='lat' dir='ltr'><strong>recturus</strong></span> <span class='ocrx_word' id='word_1_102' title='bbox 666 2919 774 2984; x_wconf 79' lang='lat' dir='ltr'><strong>fueret</strong></span> <span class='ocrx_word' id='word_1_103' title='bbox 797 2918 830 2984; x_wconf 90' lang='lat' dir='ltr'><strong>in</strong></span> <span class='ocrx_word' id='word_1_104' title='bbox 853 2917 906 3002; x_wconf 80' lang='lat' dir='ltr'><strong>cc)</strong></span> <span class='ocrx_word' id='word_1_105' title='bbox 961 2927 989 2984; x_wconf 82' lang='lat' dir='ltr'><strong>et</strong></span> <span class='ocrx_word' id='word_1_106' title='bbox 1012 2925 1192 2984; x_wconf 68' lang='lat' dir='ltr'><strong>mutorum</strong></span> <span class='ocrx_word' id='word_1_107' title='bbox 1215 2913 1266 2982; x_wconf 83' lang='grc' dir='ltr'><strong>ΟΔ</strong></span> 
     </span>
    </p>
   </div>
   <div class='ocr_carea' id='block_1_7' title="bbox 543 3041 815 3112">
    <p class='ocr_par' dir='ltr' id='par_1_13' title="bbox 543 3041 815 3112">
     <span class='ocr_line' id='line_1_23' title="bbox 543 3041 815 3112; baseline 0.018 -6"><span class='ocrx_word' id='word_1_108' title='bbox 543 3041 757 3109; x_wconf 59' lang='lat' dir='ltr'><strong>“onustorum</strong></span> <span class='ocrx_word' id='word_1_109' title='bbox 778 3043 815 3112; x_wconf 83' lang='grc' dir='ltr'><strong>Ε.</strong></span> 
     </span>
    </p>
   </div>
   <div class='ocr_carea' id='block_1_8' title="bbox 268 3235 1528 4619">
    <p class='ocr_par' dir='ltr' id='par_1_14' title="bbox 268 3235 1528 4619">
     <span class='ocr_line' id='line_1_24' title="bbox 359 3235 1492 3327; baseline 0.002 -23"><span class='ocrx_word' id='word_1_110' title='bbox 359 3235 448 3316; x_wconf 79' lang='lat' dir='ltr'><strong>Quos</strong></span> <span class='ocrx_word' id='word_1_111' title='bbox 478 3239 568 3307; x_wconf 89' lang='lat' dir='ltr'><strong>locos</strong></span> <span class='ocrx_word' id='word_1_112' title='bbox 600 3240 655 3324; x_wconf 93' lang='lat' dir='ltr'><strong>qui</strong></span> <span class='ocrx_word' id='word_1_113' title='bbox 687 3242 891 3327; x_wconf 89' lang='lat' dir='ltr'><strong>percensebit</strong></span> <span class='ocrx_word' id='word_1_114' title='bbox 921 3242 1071 3309; x_wconf 84' lang='lat' dir='ltr'><strong>veniatne</strong></span> <span class='ocrx_word' id='word_1_115' title='bbox 1108 3241 1152 3308; x_wconf 83' lang='lat' dir='ltr'><strong>cd</strong></span> <span class='ocrx_word' id='word_1_116' title='bbox 1179 3245 1299 3308; x_wconf 88' lang='lat' dir='ltr'><strong>certum</strong></span> <span class='ocrx_word' id='word_1_117' title='bbox 1329 3237 1492 3324; x_wconf 87' lang='lat' dir='ltr'><strong>iudicium,</strong></span> 
     </span>
     <span class='ocr_line' id='line_1_25' title="bbox 270 3345 1493 3434; baseline -0.001 -22"><span class='ocrx_word' id='word_1_118' title='bbox 270 3345 475 3414; x_wconf 87' lang='lat' dir='ltr'><strong>vehementer</strong></span> <span class='ocrx_word' id='word_1_119' title='bbox 499 3347 619 3415; x_wconf 89' lang='lat' dir='ltr'><strong>dubito.</strong></span> <span class='ocrx_word' id='word_1_120' title='bbox 656 3349 828 3416; x_wconf 77' lang='lat' dir='ltr'><strong>Lectiones</strong></span> <span class='ocrx_word' id='word_1_121' title='bbox 853 3350 937 3416; x_wconf 90' lang='lat' dir='ltr'><strong>enim</strong></span> <span class='ocrx_word' id='word_1_122' title='bbox 960 3349 1362 3434; x_wconf 79' lang='lat' dir='ltr'><strong>velut11.18,1u.1,28.9</strong></span> <span class='ocrx_word' id='word_1_123' title='bbox 1385 3347 1493 3412; x_wconf 87' lang='lat' dir='ltr'><strong>utrim-</strong></span> 
     </span>
     <span class='ocr_line' id='line_1_26' title="bbox 270 3453 1491 3543; baseline -0.002 -23"><span class='ocrx_word' id='word_1_124' title='bbox 270 3473 332 3537; x_wconf 90' lang='lat' dir='ltr'><strong>que</strong></span> <span class='ocrx_word' id='word_1_125' title='bbox 355 3453 427 3541; x_wconf 92' lang='lat' dir='ltr'><strong>ipso</strong></span> <span class='ocrx_word' id='word_1_126' title='bbox 450 3454 484 3520; x_wconf 93' lang='lat' dir='ltr'><strong>in</strong></span> <span class='ocrx_word' id='word_1_127' title='bbox 507 3455 677 3522; x_wconf 89' lang='lat' dir='ltr'><strong>verborum</strong></span> <span class='ocrx_word' id='word_1_128' title='bbox 700 3457 813 3524; x_wconf 79' lang='lat' dir='ltr'><strong>ordine</strong></span> <span class='ocrx_word' id='word_1_129' title='bbox 836 3456 978 3543; x_wconf 79' lang='lat' dir='ltr'><strong>scriptae</strong></span> <span class='ocrx_word' id='word_1_130' title='bbox 1001 3477 1042 3524; x_wconf 83' lang='lat' dir='ltr'><strong>ex</strong></span> <span class='ocrx_word' id='word_1_131' title='bbox 1064 3455 1167 3524; x_wconf 82' lang='lat' dir='ltr'><strong>altero</strong></span> <span class='ocrx_word' id='word_1_132' title='bbox 1191 3455 1225 3521; x_wconf 93' lang='lat' dir='ltr'><strong>in</strong></span> <span class='ocrx_word' id='word_1_133' title='bbox 1248 3454 1384 3521; x_wconf 77' lang='lat' dir='ltr'><strong>alterum</strong></span> <span class='ocrx_word' id='word_1_134' title='bbox 1407 3460 1491 3520; x_wconf 84' lang='lat' dir='ltr'><strong>tron-</strong></span> 
     </span>
     <span class='ocr_line' id='line_1_27' title="bbox 270 3561 1491 3650; baseline -0.001 -23"><span class='ocrx_word' id='word_1_135' title='bbox 270 3561 411 3646; x_wconf 82' lang='lat' dir='ltr'><strong>scriptae</strong></span> <span class='ocrx_word' id='word_1_136' title='bbox 431 3581 504 3628; x_wconf 88' lang='lat' dir='ltr'><strong>csse</strong></span> <span class='ocrx_word' id='word_1_137' title='bbox 523 3582 587 3628; x_wconf 93' lang='lat' dir='ltr'><strong>non</strong></span> <span class='ocrx_word' id='word_1_138' title='bbox 602 3561 760 3643; x_wconf 85' lang='lat' dir='ltr'><strong>videntur,</strong></span> <span class='ocrx_word' id='word_1_139' title='bbox 786 3563 855 3650; x_wconf 87' lang='lat' dir='ltr'><strong>sod,</strong></span> <span class='ocrx_word' id='word_1_140' title='bbox 880 3571 1035 3650; x_wconf 81' lang='lat' dir='ltr'><strong>qnantum</strong></span> <span class='ocrx_word' id='word_1_141' title='bbox 1049 3584 1109 3631; x_wconf 90' lang='lat' dir='ltr'><strong>nos</strong></span> <span class='ocrx_word' id='word_1_142' title='bbox 1123 3562 1254 3648; x_wconf 88' lang='lat' dir='ltr'><strong>quidem</strong></span> <span class='ocrx_word' id='word_1_143' title='bbox 1269 3561 1491 3650; x_wconf 87' lang='lat' dir='ltr'><strong>perspicimus,</strong></span> 
     </span>
     <span class='ocr_line' id='line_1_28' title="bbox 269 3665 1492 3757; baseline 0.001 -25"><span class='ocrx_word' id='word_1_144' title='bbox 269 3665 313 3732; x_wconf 84' lang='lat' dir='ltr'><strong>ud</strong></span> <span class='ocrx_word' id='word_1_145' title='bbox 343 3668 510 3753; x_wconf 91' lang='lat' dir='ltr'><strong>utriusque</strong></span> <span class='ocrx_word' id='word_1_146' title='bbox 539 3669 612 3735; x_wconf 90' lang='lat' dir='ltr'><strong>libri</strong></span> <span class='ocrx_word' id='word_1_147' title='bbox 635 3671 814 3757; x_wconf 82' lang='lat' dir='ltr'><strong>archetypo</strong></span> <span class='ocrx_word' id='word_1_148' title='bbox 841 3678 916 3739; x_wconf 87' lang='lat' dir='ltr'><strong>sunt</strong></span> <span class='ocrx_word' id='word_1_149' title='bbox 943 3669 1142 3757; x_wconf 83' lang='lat' dir='ltr'><strong>referendae,</strong></span> <span class='ocrx_word' id='word_1_150' title='bbox 1171 3689 1304 3754; x_wconf 90' lang='lat' dir='ltr'><strong>quorum</strong></span> <span class='ocrx_word' id='word_1_151' title='bbox 1331 3669 1365 3734; x_wconf 92' lang='lat' dir='ltr'><strong>in</strong></span> <span class='ocrx_word' id='word_1_152' title='bbox 1388 3669 1492 3734; x_wconf 84' lang='lat' dir='ltr'><strong>altero</strong></span> 
     </span>
     <span class='ocr_line' id='line_1_29' title="bbox 268 3774 1490 3862; baseline 0.002 -23"><span class='ocrx_word' id='word_1_153' title='bbox 268 3774 386 3842; x_wconf 87' lang='lat' dir='ltr'><strong>menda</strong></span> <span class='ocrx_word' id='word_1_154' title='bbox 418 3775 516 3842; x_wconf 82' lang='lat' dir='ltr'><strong>doctu</strong></span> <span class='ocrx_word' id='word_1_155' title='bbox 543 3797 641 3844; x_wconf 82' lang='lat' dir='ltr'><strong>manu</strong></span> <span class='ocrx_word' id='word_1_156' title='bbox 672 3779 803 3845; x_wconf 81' lang='lat' dir='ltr'><strong>subiato</strong></span> <span class='ocrx_word' id='word_1_157' title='bbox 830 3779 873 3846; x_wconf 84' lang='lat' dir='ltr'><strong>ab</strong></span> <span class='ocrx_word' id='word_1_158' title='bbox 905 3778 1039 3846; x_wconf 82' lang='lat' dir='ltr'><strong>alterius</strong></span> <span class='ocrx_word' id='word_1_159' title='bbox 1073 3777 1205 3844; x_wconf 84' lang='lat' dir='ltr'><strong>librario</strong></span> <span class='ocrx_word' id='word_1_160' title='bbox 1238 3783 1375 3862; x_wconf 82' lang='lat' dir='ltr'><strong>exceptu</strong></span> <span class='ocrx_word' id='word_1_161' title='bbox 1407 3782 1490 3842; x_wconf 88' lang='lat' dir='ltr'><strong>sunt.</strong></span> 
     </span>
     <span class='ocr_line' id='line_1_30' title="bbox 268 3882 1528 3971; baseline -0.002 -24"><span class='ocrx_word' id='word_1_162' title='bbox 268 3882 353 3948; x_wconf 86' lang='lat' dir='ltr'><strong>Huic</strong></span> <span class='ocrx_word' id='word_1_163' title='bbox 375 3891 483 3950; x_wconf 84' lang='lat' dir='ltr'><strong>cutem</strong></span> <span class='ocrx_word' id='word_1_164' title='bbox 507 3885 649 3971; x_wconf 90' lang='lat' dir='ltr'><strong>opinioni</strong></span> <span class='ocrx_word' id='word_1_165' title='bbox 678 3887 807 3954; x_wconf 81' lang='lat' dir='ltr'><strong>obstare</strong></span> <span class='ocrx_word' id='word_1_166' title='bbox 829 3885 957 3953; x_wconf 87' lang='lat' dir='ltr'><strong>videtur</strong></span> <span class='ocrx_word' id='word_1_167' title='bbox 980 3893 1157 3953; x_wconf 89' lang='lat' dir='ltr'><strong>ceterorum</strong></span> <span class='ocrx_word' id='word_1_168' title='bbox 1184 3884 1325 3951; x_wconf 91' lang='lat' dir='ltr'><strong>locorum</strong></span> <span class='ocrx_word' id='word_1_169' title='bbox 1354 3882 1490 3968; x_wconf 71' lang='lat' dir='ltr'><strong>species,</strong></span> <span class='ocrx_word' id='word_1_170' title='bbox 1523 3938 1528 3945; x_wconf 82' lang='lat'><strong>.</strong></span> 
     </span>
     <span class='ocr_line' id='line_1_31' title="bbox 268 3989 1492 4081; baseline 0.002 -27"><span class='ocrx_word' id='word_1_171' title='bbox 268 3989 353 4056; x_wconf 89' lang='lat' dir='ltr'><strong>inter</strong></span> <span class='ocrx_word' id='word_1_172' title='bbox 380 4011 460 4075; x_wconf 89' lang='lat' dir='ltr'><strong>qnos</strong></span> <span class='ocrx_word' id='word_1_173' title='bbox 486 3992 571 4071; x_wconf 85' lang='lat'>16.5‚</span> <span class='ocrx_word' id='word_1_174' title='bbox 597 3995 682 4072; x_wconf 73' lang='lat' dir='ltr'><strong>luo,</strong></span> <span class='ocrx_word' id='word_1_175' title='bbox 709 3997 816 4073; x_wconf 78' lang='lat'><strong>19.17‚</strong></span> <span class='ocrx_word' id='word_1_176' title='bbox 843 3995 940 4062; x_wconf 78' lang='lat' dir='ltr'><strong>less</strong></span> <span class='ocrx_word' id='word_1_177' title='bbox 974 3994 1076 4081; x_wconf 91' lang='lat' dir='ltr'><strong>primo</strong></span> <span class='ocrx_word' id='word_1_178' title='bbox 1105 3991 1235 4078; x_wconf 88' lang='lat' dir='ltr'><strong>quidem</strong></span> <span class='ocrx_word' id='word_1_179' title='bbox 1261 3997 1395 4078; x_wconf 81' lang='lat' dir='ltr'><strong>aspectu</strong></span> <span class='ocrx_word' id='word_1_180' title='bbox 1419 4010 1492 4057; x_wconf 85' lang='lat' dir='ltr'><strong>eam</strong></span> 
     </span>
     <span class='ocr_line' id='line_1_32' title="bbox 269 4096 1491 4186; baseline -0.001 -23"><span class='ocrx_word' id='word_1_181' title='bbox 269 4097 427 4182; x_wconf 83' lang='lat' dir='ltr'><strong>originem</strong></span> <span class='ocrx_word' id='word_1_182' title='bbox 451 4099 622 4166; x_wconf 88' lang='lat' dir='ltr'><strong>ostendere</strong></span> <span class='ocrx_word' id='word_1_183' title='bbox 644 4099 804 4186; x_wconf 85' lang='lat' dir='ltr'><strong>videntur,</strong></span> <span class='ocrx_word' id='word_1_184' title='bbox 829 4109 864 4168; x_wconf 92' lang='lat' dir='ltr'><strong>ut</strong></span> <span class='ocrx_word' id='word_1_185' title='bbox 887 4121 970 4186; x_wconf 85' lang='lat' dir='ltr'><strong>quac</strong></span> <span class='ocrx_word' id='word_1_186' title='bbox 995 4100 1230 4168; x_wconf 84' lang='lat' dir='ltr'><strong>Ottoboniauus</strong></span> <span class='ocrx_word' id='word_1_187' title='bbox 1254 4097 1406 4167; x_wconf 83' lang='lat' dir='ltr'><strong>exhibeat</strong></span> <span class='ocrx_word' id='word_1_188' title='bbox 1427 4096 1491 4184; x_wconf 89' lang='lat' dir='ltr'><strong>ipsi</strong></span> 
     </span>
     <span class='ocr_line' id='line_1_33' title="bbox 269 4205 1492 4295; baseline 0.001 -24"><span class='ocrx_word' id='word_1_189' title='bbox 269 4205 365 4273; x_wconf 91' lang='lat' dir='ltr'><strong>huius</strong></span> <span class='ocrx_word' id='word_1_190' title='bbox 389 4207 512 4274; x_wconf 86' lang='lat' dir='ltr'><strong>codicis</strong></span> <span class='ocrx_word' id='word_1_191' title='bbox 534 4207 667 4274; x_wconf 83' lang='lat' dir='ltr'><strong>librario</strong></span> <span class='ocrx_word' id='word_1_192' title='bbox 690 4209 892 4295; x_wconf 75' lang='lat' dir='ltr'><strong>corruptelas</strong></span> <span class='ocrx_word' id='word_1_193' title='bbox 916 4231 957 4276; x_wconf 82' lang='lat' dir='ltr'><strong>ex</strong></span> <span class='ocrx_word' id='word_1_194' title='bbox 981 4209 1093 4276; x_wconf 91' lang='lat' dir='ltr'><strong>codice</strong></span> <span class='ocrx_word' id='word_1_195' title='bbox 1116 4208 1144 4274; x_wconf 91' lang='grc' dir='ltr'>Β</span> <span class='ocrx_word' id='word_1_196' title='bbox 1166 4209 1219 4276; x_wconf 83' lang='lat' dir='ltr'><strong>vel</strong></span> <span class='ocrx_word' id='word_1_197' title='bbox 1243 4229 1283 4275; x_wconf 82' lang='lat' dir='ltr'><strong>cx</strong></span> <span class='ocrx_word' id='word_1_198' title='bbox 1307 4207 1376 4274; x_wconf 89' lang='lat' dir='ltr'><strong>eius</strong></span> <span class='ocrx_word' id='word_1_199' title='bbox 1399 4210 1492 4292; x_wconf 84' lang='lat' dir='ltr'><strong>patre</strong></span> 
     </span>
     <span class='ocr_line' id='line_1_34' title="bbox 269 4312 1491 4402; baseline 0 -24"><span class='ocrx_word' id='word_1_200' title='bbox 269 4312 454 4379; x_wconf 85' lang='lat' dir='ltr'><strong>emendanti</strong></span> <span class='ocrx_word' id='word_1_201' title='bbox 469 4315 533 4380; x_wconf 88' lang='lat' dir='ltr'><strong>sint</strong></span> <span class='ocrx_word' id='word_1_202' title='bbox 553 4314 753 4401; x_wconf 83' lang='lat' dir='ltr'><strong>imputanda.</strong></span> <span class='ocrx_word' id='word_1_203' title='bbox 789 4316 904 4402; x_wconf 88' lang='lat' dir='ltr'><strong>Neque</strong></span> <span class='ocrx_word' id='word_1_204' title='bbox 917 4337 993 4384; x_wconf 86' lang='lat' dir='ltr'><strong>vero</strong></span> <span class='ocrx_word' id='word_1_205' title='bbox 1017 4317 1078 4383; x_wconf 90' lang='lat' dir='ltr'><strong>hoo</strong></span> <span class='ocrx_word' id='word_1_206' title='bbox 1102 4315 1266 4383; x_wconf 80' lang='lat' dir='ltr'><strong>conciliari</strong></span> <span class='ocrx_word' id='word_1_207' title='bbox 1288 4320 1397 4402; x_wconf 88' lang='lat' dir='ltr'><strong>potest</strong></span> <span class='ocrx_word' id='word_1_208' title='bbox 1420 4332 1491 4378; x_wconf 91' lang='lat' dir='ltr'><strong>cum</strong></span> 
     </span>
     <span class='ocr_line' id='line_1_35' title="bbox 269 4420 1491 4511; baseline -0.002 -23"><span class='ocrx_word' id='word_1_209' title='bbox 269 4421 439 4509; x_wconf 87' lang='lat' dir='ltr'><strong>scripturis</strong></span> <span class='ocrx_word' id='word_1_210' title='bbox 463 4422 606 4490; x_wconf 90' lang='lat' dir='ltr'><strong>locorum</strong></span> <span class='ocrx_word' id='word_1_211' title='bbox 629 4427 715 4505; x_wconf 64' lang='lat'><strong>204,</strong></span> <span class='ocrx_word' id='word_1_212' title='bbox 740 4425 848 4511; x_wconf 70' lang='lat'>2821,</span> <span class='ocrx_word' id='word_1_213' title='bbox 872 4427 986 4510; x_wconf 90' lang='lat' dir='ltr'><strong>quibus</strong></span> <span class='ocrx_word' id='word_1_214' title='bbox 1009 4425 1044 4492; x_wconf 94' lang='lat' dir='ltr'><strong>in</strong></span> <span class='ocrx_word' id='word_1_215' title='bbox 1067 4422 1180 4492; x_wconf 83' lang='lat' dir='ltr'><strong>codice</strong></span> <span class='ocrx_word' id='word_1_216' title='bbox 1200 4420 1355 4490; x_wconf 83' lang='lat' dir='ltr'><strong>Leideusi</strong></span> <span class='ocrx_word' id='word_1_217' title='bbox 1378 4439 1491 4486; x_wconf 77' lang='lat' dir='ltr'><strong>munus</strong></span> 
     </span>
     <span class='ocr_line' id='line_1_36' title="bbox 270 4528 1491 4619; baseline -0.002 -22"><span class='ocrx_word' id='word_1_218' title='bbox 270 4530 497 4597; x_wconf 83' lang='lat' dir='ltr'><strong>emendatricis</strong></span> <span class='ocrx_word' id='word_1_219' title='bbox 528 4531 669 4616; x_wconf 86' lang='lat' dir='ltr'><strong>vestigia</strong></span> <span class='ocrx_word' id='word_1_220' title='bbox 697 4531 939 4619; x_wconf 86' lang='lat' dir='ltr'><strong>deprehendere</strong></span> <span class='ocrx_word' id='word_1_221' title='bbox 970 4534 1064 4602; x_wconf 91' lang='lat' dir='ltr'><strong>nobis</strong></span> <span class='ocrx_word' id='word_1_222' title='bbox 1091 4532 1247 4601; x_wconf 82' lang='lat' dir='ltr'><strong>ridemur.</strong></span> <span class='ocrx_word' id='word_1_223' title='bbox 1297 4530 1403 4615; x_wconf 81' lang='lat' dir='ltr'><strong>Atque</strong></span> <span class='ocrx_word' id='word_1_224' title='bbox 1429 4528 1491 4595; x_wconf 84' lang='lat' dir='ltr'><strong>huc</strong></span> 
     </span>
    </p>
   </div>
   <div class='ocr_carea' id='block_1_9' title="bbox 268 4635 1492 4834">
    <p class='ocr_par' dir='ltr' id='par_1_15' title="bbox 268 4635 1492 4834">
     <span class='ocr_line' id='line_1_37' title="bbox 268 4635 1492 4728; baseline -0.001 -26"><span class='ocrx_word' id='word_1_225' title='bbox 268 4637 301 4702; x_wconf 91' lang='lat' dir='ltr'><strong>in</strong></span> <span class='ocrx_word' id='word_1_226' title='bbox 343 4637 596 4704; x_wconf 87' lang='lat' dir='ltr'><strong>testimoniorum</strong></span> <span class='ocrx_word' id='word_1_227' title='bbox 634 4641 851 4726; x_wconf 81' lang='lat' dir='ltr'><strong>repugnastis</strong></span> <span class='ocrx_word' id='word_1_228' title='bbox 887 4661 1018 4728; x_wconf 83' lang='lat' dir='ltr'><strong>prorsus</strong></span> <span class='ocrx_word' id='word_1_229' title='bbox 1055 4641 1261 4709; x_wconf 75' lang='lat' dir='ltr'><strong>haereremus</strong></span> <span class='ocrx_word' id='word_1_230' title='bbox 1293 4637 1392 4719; x_wconf 82' lang='lat' dir='ltr'><strong>dubii,</strong></span> <span class='ocrx_word' id='word_1_231' title='bbox 1429 4635 1492 4703; x_wconf 90' lang='lat' dir='ltr'><strong>nisi</strong></span> 
     </span>
     <span class='ocr_line' id='line_1_38' title="bbox 270 4745 1418 4834; baseline -0.001 -23"><span class='ocrx_word' id='word_1_232' title='bbox 270 4751 419 4811; x_wconf 70' lang='lat' dir='ltr'><strong>extarent</strong></span> <span class='ocrx_word' id='word_1_233' title='bbox 442 4745 504 4812; x_wconf 89' lang='lat' dir='ltr'><strong>loci</strong></span> <span class='ocrx_word' id='word_1_234' title='bbox 527 4747 682 4833; x_wconf 89' lang='lat' dir='ltr'><strong>nonnulli,</strong></span> <span class='ocrx_word' id='word_1_235' title='bbox 705 4767 786 4832; x_wconf 88' lang='lat' dir='ltr'><strong>quos</strong></span> <span class='ocrx_word' id='word_1_236' title='bbox 808 4747 870 4814; x_wconf 86' lang='lat' dir='ltr'><strong>viri</strong></span> <span class='ocrx_word' id='word_1_237' title='bbox 893 4746 982 4816; x_wconf 86' lang='lat' dir='ltr'><strong>docti</strong></span> <span class='ocrx_word' id='word_1_238' title='bbox 1004 4769 1066 4815; x_wconf 93' lang='grc' dir='ltr'><strong>ιιοιι</strong></span> <span class='ocrx_word' id='word_1_239' title='bbox 1090 4747 1172 4816; x_wconf 82' lang='lat' dir='ltr'><strong>setis</strong></span> <span class='ocrx_word' id='word_1_240' title='bbox 1195 4752 1418 4834; x_wconf 86' lang='lat' dir='ltr'><strong>respexerunt:</strong></span> 
     </span>
    </p>
   </div>
   <div class='ocr_carea' id='block_1_10' title="bbox 0 0 1734 5200">
    <p class='ocr_par' dir='ltr' id='par_1_16' title="bbox 0 0 1734 5200">
     <span class='ocr_line' id='line_1_39' title="bbox 0 0 1734 5200; baseline 0 0"><span class='ocrx_word' id='word_1_241' title='bbox 0 0 1734 5200; x_wconf 95' lang='lat' dir='ltr'><strong> </strong></span> 
     </span>
    </p>
   </div>
  </div>
 </body>
</html>
