3459 5200
985 535 1027 600 50

422 742 500 825 fingi
526 747 639 827 potest
661 737 773 822 πεντάς
796 744 937 809 minimo
961 763 1037 809 eum
1059 741 1274 809 incommodo
1297 742 1332 806 in
1348 743 1496 810 carmine
1508 764 1597 828 quo·

423 848 500 911 dam
523 850 705 928 mesodioo,
730 850 764 914 in
788 869 853 932 quo
877 869 958 913 num
972 848 1209 931 Hepaestionis
1226 849 1433 931 temporibus
1453 855 1597 931 praesto

422 951 521 1016 fuerit
550 951 730 1034 disceptari
761 953 886 1036 nequit.
932 951 1124 1017 Scholiasta
1150 973 1183 1033 p.
1206 951 1280 1016 XIX
1306 952 1390 1016 7-8
1410 953 1597 1034 pentadem

424 1055 592 1118 rettulisse
625 1054 757 1119 videtur
789 1056 833 1119 ad
864 1054 1071 1137 palinodica,
1113 1053 1258 1119 fortasse
1291 1073 1367 1119 cum
1401 1057 1488 1120 hanc
1527 1057 1599 1120 sibi

321 1242 324 1259 Ι
424 1157 562 1238 lingeret
585 1156 728 1222 formam
750 1159 779 1221 A
803 1157 829 1221 B
853 1157 879 1222 C
904 1152 941 1221 B‘
962 1153 1010 1237 A',
1034 1177 1118 1240 quae
1141 1159 1265 1222 rectius
1282 1157 1426 1222 dicenda
1446 1165 1498 1223 est
1521 1179 1599 1223 me-

425 1260 549 1324 sodica.
593 1261 688 1324 Adde
717 1260 807 1344 quod
834 1262 1024 1326 Demetrius
1054 1260 1234 1326 Triclinius
1262 1262 1366 1326 verba
1394 1263 1435 1326 de
1469 1263 1599 1346 quihus

423 1363 531 1445 agitur
562 1363 609 1427 ita
637 1363 876 1446 interpretatus
904 1369 972 1440 est,
1000 1368 1037 1428 ut
1064 1359 1202 1427 πεντάδα
1237 1359 1395 1447 capitatio
1428 1369 1601 1430 statueret

425 1486 560 1530 carmen
583 1464 648 1530 An‘
673 1465 786 1531 BB'C
821 1467 876 1548 (cf.
906 1468 1011 1532 schol.
1045 1467 1089 1532 ad
1122 1468 1225 1549 Soph.
1264 1467 1377 1549 Antig.
1411 1468 1481 1532 339.
1517 1469 1600 1532 581.

424 1571 545 1634 Trach.
569 1571 609 1632 93
634 1567 683 1653 [in
708 1571 865 1652 Sophocl.
889 1576 972 1652 trag.
996 1570 1047 1635 ed.
1069 1571 1132 1635 Ad.
1156 1571 1349 1647 Turnebus3
1370 1571 1466 1635 Paris
1490 1573 1600 1649 1553,

392 1716 395 1720 -
425 1693 456 1755 p.
481 1674 531 1751 85,
554 1674 605 1737 18.
628 1673 680 1751 88,
707 1675 755 1738 16.
781 1675 851 1753 tal,
875 1671 941 1759 19].
986 1674 1063 1739 Eur.
1085 1674 1165 1739 Hac.
1189 1675 1261 1738 905.
1312 1673 1473 1738 Similiter
1494 1673 1602 1751 ἑπτσὶς

425 1770 566 1860 trophini
599 1776 720 1842 dicitur
755 1778 789 1842 in
823 1779 928 1843 schol.
963 1778 1006 1841 ad
1038 1779 1160 1843 Aesch.
1193 1779 1309 1858 Agam.
1344 1779 1407 1841 355
1435 1798 1509 1860 sqq.
1537 1781 1601 1843 ed.

424 1878 569 1944 Dindorf
595 1879 630 1943 in
659 1881 778 1946 Philol.
802 1882 861 1947 XX
889 1902 921 1964 p.
945 1882 1010 1964 36).
1054 1881 1123 1946 Sed
1149 1882 1214 1945 hoc
1242 1881 1321 1945 iecit
1350 1900 1420 1945 non
1445 1885 1527 1956 tam,
1557 1887 1603 1946 111

424 1981 682 2065 Hephaestionis
710 1984 813 2047 verba
842 1984 1125 2065 interpretaretur,
1153 2003 1264 2065 quam,
1291 1987 1329 2047 ut
1356 1983 1468 2064 generi
1506 1985 1602 2048 satis

425 2085 618 2168 pervulgato
657 2105 779 2150 nomen
818 2086 958 2165 inderet,
997 2086 1087 2170 quod
1127 2086 1211 2151 alias
1253 2087 1378 2150 frustra
1414 2087 1603 2169 quaesivit.

426 2189 569 2253 Prorsus
593 2189 714 2252 futtilia
738 2193 825 2267 sunt,
849 2189 991 2272 quaein
1015 2189 1119 2252 schol.
1143 2189 1187 2252 ad
1208 2189 1305 2253 Pind.
1329 2188 1380 2253 Ol.
1403 2188 1417 2251 Ι
1440 2191 1454 2252 1
1479 2189 1528 2272 (p.
1554 2193 1598 2254 11

425 2292 475 2356 ed.
510 2292 669 2374 Boeckh.)
710 2293 751 2357 de
785 2293 909 2370 triade,
943 2293 1089 2371 tetrade,
1122 2292 1268 2374 pentade
1303 2293 1604 2375 praescribuntur,

425 2395 696 2478 quandoquidem
725 2397 874 2478 strophis
898 2396 1047 2478 epodicis
1071 2396 1199 2460 insulse
1222 2396 1494 2460 intermiscentur
1515 2417 1605 2462 vor-

424 2520 480 2564 sus
514 2499 660 2580 epodici;
694 2499 734 2563 cf.
770 2500 875 2564 schol.
903 2500 937 2563 in
966 2500 1122 2581 Hermog.
1156 2499 1190 2562 in
1217 2499 1316 2563 Rhet.
1343 2519 1390 2580 gr.
1421 2499 1498 2577 (W.)
1536 2502 1604 2565 Vll

423 2624 454 2685 p.
484 2605 556 2681 820,
589 2603 609 2667 6
643 2624 714 2685 sqq.
782 2603 911 2681 Quodsi
949 2602 1154 2686 quaesiveris
1183 2607 1295 2667 utrum
1335 2608 1512 2685 excerptor
1549 2625 1604 2669 an

423 2707 578 2771 librarius
601 2707 865 2789 perturbationis
890 2710 1007 2771 auctor
1029 2707 1138 2784 fuerit,
1169 2706 1308 2771 Tzetzes
1339 2710 1372 2771 et
1395 2706 1604 2781 scholiasta,

424 2830 507 2891 quos
537 2811 656 2874 ceteris
686 2812 892 2893 excerptoris
921 2812 1120 2875 commentis
1155 2830 1224 2874 non
1252 2812 1400 2874 caruisse
1432 2810 1605 2890 vidimus,

424 2914 467 2977 ad
490 2913 662 2978 librarium
686 2934 749 2979 nos
773 2919 941 2979 revocant.

507 3018 778 3099 Deprehendisse
805 3038 885 3082 vero
915 3018 997 3081 mihi
1025 3017 1142 3082 videor
1170 3017 1421 3100 interpolatoris
1449 3036 1604 3083 manum

423 3123 458 3185 in
481 3122 665 3185 carminum
689 3120 721 3198 ἐξ
744 3118 856 3205 ὁμοίων
873 3122 1108 3203 descriptione.
1153 3121 1356 3204 Exemplum
1369 3122 1463 3185 affert
1481 3123 1606 3204 scrip·

422 3230 476 3289 tor
497 3246 529 3307 p.
552 3225 624 3287 XIV
646 3226 665 3289 3
689 3245 761 3308 sqq.
796 3246 865 3289 non
899 3226 970 3288 eius
1005 3226 1141 3303 formae,
1176 3246 1275 3308 quam
1309 3224 1342 3302 ἐξ
1375 3221 1487 3309 ὁμοίων
1508 3244 1604 3291 esse

424 3328 523 3391 modo
559 3328 687 3403 docuit,
723 3329 782 3392 sed
821 3329 868 3392 ita
908 3328 1170 3405 conformatum,
1209 3332 1246 3391 ut
1279 3329 1322 3391 sit
1355 3324 1437 3390 κατὰ
1468 3325 1606 3410 σχέσιν,

423 3432 545 3513 quippe
567 3432 602 3494 in
626 3451 690 3513 quo
715 3450 873 3495 numerus
898 3431 941 3495 sit
964 3430 1214 3494 determinatus.
1259 3431 1372 3513 ltaque
1388 3431 1416 3494 si
1433 3432 1606 3495 enuntia·

422 3540 493 3598 tum
522 3530 628 3619 διόπερ
657 3535 711 3597 καὶ
744 3534 782 3597 τὰ
811 3532 1040 3619 μσνσστροφικὰ
1068 3570 1111 3580 -
1137 3532 1301 3618 νομίζομεν
1328 3538 1481 3599 accurate
1502 3552 1606 3599 con-

423 3638 633 3719 templamur,
667 3634 746 3700 οὕτω
783 3638 865 3701 nihil
902 3636 992 3701 aliud
1027 3636 1213 3718 significare
1246 3640 1359 3719 potest
1398 3636 1461 3700 nisi
1500 3640 1607 3703 κατὰ

423 3740 538 3825 σχέσιν.
589 3741 656 3805 Sed
690 3740 769 3823 quid
804 3743 877 3805 est‘l
926 3740 1046 3805 Nonne
1081 3737 1320 3824 μονοστροφικσὶ,
1352 3744 1466 3821 utpote
1499 3760 1608 3821 quae

423 3845 569 3908 efficiant
596 3845 742 3926 speciem
777 3849 837 3907 τῶν
865 3843 949 3906 κατὰ
981 3842 1103 3927 σχέσιν,
1131 3844 1245 3907 omnia
1273 3843 1464 3907 necessario
1494 3862 1609 3910 corn-

422 3949 534 4031 posita
557 3951 635 4011 sunt
657 3944 740 4010 κατὰ
763 3946 890 4032 open?
935 3947 1021 4025 Ergo
1052 3947 1169 4011 eadem
1198 3950 1297 4028 atque
1325 3947 1360 4009 iu
1388 3946 1445 4009 illa
1466 3965 1610 4013 mono-

424 4052 670 4133 strophicorum
700 4050 891 4115 definitione
919 4070 950 4131 p.
973 4048 1059 4113 XVll
1084 4051 1165 4113 1-3
1194 4070 1233 4113 eo
1262 4048 1304 4112 de
1327 4068 1392 4131 quo
1415 4050 1611 4130 quaeritur

422 4156 497 4221 loco
519 4156 569 4218 vis
592 4153 755 4218 vocabulo
779 4148 1021 4237 μσνσστροφικόν
1043 4153 1193 4217 subiecta
1215 4172 1291 4217 esse
1313 4151 1435 4235 nequit.
1480 4152 1609 4221 Immo

423 4260 505 4324 nihil
529 4257 619 4322 aliud
642 4257 827 4338 significare
849 4261 962 4338 potest
984 4256 1049 4319 nisi
1073 4276 1216 4333 carmen,
1240 4255 1330 4338 quod
1352 4274 1419 4319 una
1446 4260 1612 4340 stropha

423 4361 643 4426 contineatur.
701 4360 937 4423 Lachmannus
972 4359 1134 4441 (opuscul.
1162 4359 1188 4422 ll
1216 4380 1248 4440 p.
1278 4360 1319 4422 87
1351 4359 1447 4441 sqq),
1484 4363 1610 4429 modo

423 4471 512 4532 recte
536 4464 624 4528 illius
646 4464 748 4525 verba
770 4462 980 4545 interpreter,
1003 4462 1091 4526 hanc
1106 4462 1260 4525 vocabuli
1275 4462 1341 4524 vim
1357 4461 1458 4525 ctiam
1479 4462 1612 4543 ipsius

424 4567 655 4635 commentarii
676 4567 828 4648 exemplo
851 4564 1040 4630 confirmari
1062 4564 1199 4647 putavit.
1244 4563 1328 4628 Nam
1351 4582 1426 4627 cum
1449 4584 1612 4639 carmen
