3459 5200
761 388 804 460 19

674 483 889 500 m

256 589 442 678 Appellatio
465 591 588 679 δίχρονα
608 595 713 662 ulrum
735 609 757 655 a
779 588 938 675 Dionysio
960 588 1014 658 νο]
1036 589 1080 655 ab
1102 586 1293 658 Aristarcho
1323 587 1393 656 eius

168 698 322 785 magistro
345 699 397 766 νο]
421 698 548 766 omniuo
571 718 593 764 ιι
616 697 835 782 grammaticis
863 695 1094 774 Alexandrinis
1121 697 1308 782 excogitata
1337 695 1392 782 sit,

168 827 210 872 an
233 807 266 873 in
290 806 410 874 scholis
433 806 683 892 rhythmicorum
706 805 760 872 rel
782 805 997 891 molnicatum,
1021 804 1077 890 qui
1100 811 1176 871 ante
1198 804 1390 890 Dionysium

167 913 327 984 Thracem
359 915 497 998 suerunt,
530 913 652 982 usitata
683 913 748 980 iam
781 912 893 1000 fucrit,
931 911 1147 980 demonstrari
1177 926 1243 979 non
1272 919 1391 999 potest

169 1021 234 1090 Sed
258 1028 387 1089 constat
408 1022 493 1089 inter
515 1040 625 1088 omues
649 1019 682 1086 in
705 1011 767 1086 bac
790 1019 1012 1107 appellatione
1033 1019 1150 1087 multos
1177 1019 1257 1086 artis
1285 1039 1390 1105 gram-

167 1129 307 1196 maticae
337 1127 511 1214 magistros
543 1125 719 1196 offendisse
756 1135 789 1196 et
825 1127 893 1194 alia
929 1127 1059 1196 nomina
1095 1126 1283 1214 usurpanda
1316 1147 1390 1214 pro·

167 1257 326 1324 posuisse.

256 1378 517 1467 Appellatiouem
559 1380 684 1466 δίχρονα
720 1378 957 1464 improbarisse
990 1377 1142 1444 ridentur
1180 1368 1394 1465 grammatici,

168 1486 253 1574 quod
277 1507 318 1553 ex
341 1487 415 1572 ipso
436 1486 564 1554 nomine
588 1505 650 1552 non
673 1491 938 1570 cognoscerem,
962 1504 1059 1570 quam
1082 1483 1147 1552 rim
1170 1485 1276 1552 altera
1297 1485 1392 1554 buius

168 1595 305 1664 nominis
336 1614 413 1682 pars
445 1596 581 1682 (χρόνος)
613 1594 758 1661 baberet
812 1593 945 1680 Duplex
974 1594 1059 1661 euim
1087 1595 1138 1661 vis
1170 1594 1279 1662 inesse
1309 1593 1394 1660 solet

168 1702 325 1770 vocabulo
356 1709 476 1791 χρόνος.
531 1704 579 1767 Ac
613 1701 750 1787 primum
786 1699 918 1785 quidem
953 1700 1116 1784 significat
1152 1700 1395 1786 generalitor

168 1809 292 1878 vocalis
334 1809 525 1896 syllabaere
566 1809 781 1892 quantitatem
821 1807 954 1893 longam
990 1815 1047 1874 aut
1081 1810 1227 1893 brevem3
1273 1806 1393 1876 deinde

168 1915 407 2004 specialiter
442 1915 529 1982 idem
560 1914 649 1982 valet
685 1933 725 1981 ac
759 1922 870 2004 χρόνος
900 1925 1015 2001 πρῶτος
1051 1916 1074 1981 i.
1107 1936 1135 1984 e.
1169 1916 1394 1984 brevissimum

168 2024 321 2110 temporis
350 2023 505 2110 spatium,
534 2041 598 2106 qno
625 2022 787 2089 vocalium
817 2023 1015 2106 quantitates
1047 2023 1096 2089 ita
1121 2022 1394 2110 ponderabuntur,

167 2138 203 2198 ut
228 2131 337 2198 brevis
365 2131 419 2197 vel
447 2137 597 2216 correpta
625 2130 748 2197 uocalis
779 2149 878 2197 uuum
907 2138 1019 2218 χρόνον
1048 2139 1178 2217 πρῶτον,
1209 2130 1310 2216 longa
1340 2130 1393 2199 νο]

166 2237 325 2324 producta
351 2235 476 2332 vocalis
503 2236 585 2304 duos
612 2243 743 2323 χρόνοος
764 2243 900 2324 undeno<
928 2237 1086 2322 efficerct3
1118 2238 1158 2304 cf.
1181 2237 1393 2306 Heliodorum

167 2345 419 2430 grammaticum,
445 2343 660 2411 Cbocrobosci
678 2343 902 2430 pedisequum,
925 2344 961 2412 iu
973 2343 1100 2412 Allrcdi
1114 2343 1253 2429 Hilgard
1272 2343 1391 2413 dimer-

165 2453 295 2520 tutione
320 2451 363 2518 dc
394 2452 473 2518 artis
506 2451 739 2535 grammaticae
770 2451 812 2518 ab
843 2451 1003 2537 Dionysio
1031 2451 1160 2519 Thrace
1191 2453 1391 2538 compositae

166 2557 487 2647 interpretationibus
510 2557 672 2626 veteribus
696 2558 797 2646 (Lips.
824 2561 925 2643 1880)
946 2577 978 2645 p.
1003 2561 1034 2639 8,
1056 2560 1102 2627 22
1127 2564 1267 2644 χενικοί
1287 2565 1391 2647 χρόνοι

164 2672 327 2735 καλοῦντα
349 2666 366 2733 ά
389 2690 422 2733 τε
444 2670 562 2753 μακρὸς
583 2670 637 2732 καί
658 2664 675 2731 ὁ
699 2669 825 2754 βραχίις,
853 2665 958 2740 οἵτινες
983 2672 1138 2755 τέμνονται
1164 2664 1209 2740 εἰς
1234 2664 1392 2741 είδικοὸς

164 2782 304 2863 χρόνοις·
331 2779 385 2841 καὶ
405 2772 422 2839 ὁ
446 2779 500 2861 μὲν
522 2778 637 2854 χενικδς
662 2779 778 2861 μακρὸς
799 2780 912 2861 χρόνος
934 2776 988 2841 noo
1013 2780 1143 2861 χρόνους
1170 2778 1231 2856 (so.
1252 2771 1391 2855 21&me

164 2886 240 2970 ἔχει,
263 2880 280 2947 ὁ
304 2884 336 2947 δὲ
357 2885 473 2963 γενικδς
495 2882 609 2968 βραχὺς
631 2886 743 2968 χρόνος
764 2879 817 2947 ἕνα
837 2887 949 2968 χρόνον
973 2884 1032 2963 (sc.
1055 2878 1179 2968 είδικὸν)
1203 2882 1279 2968 ἔχει.
1315 2884 1391 2966 πρὸς

163 2992 219 3076 τὴν
245 2994 345 3077 σχέσιν
374 2985 425 3056 οὖν
445 2997 503 3053 τῶν
531 2989 583 3054 noo
610 2992 728 3075 χρόνιον
759 2984 819 3073 (sc.
843 2987 994 3075 γενικῶν),
1012 2988 1140 3076 δίχρονα
1167 2990 1326 3055 καλοῦντα
1358 2993 1392 3053 ο]

163 3116 196 3181 p.
219 3098 250 3181 8,
274 3098 318 3163 35
348 3095 403 3161 καί
430 3118 538 3183 φαρεν,
566 3093 610 3161 ὅτι
633 3094 836 3182 ἐκτεινόμενον
859 3095 995 3182 δίχρονον
1016 3097 1070 3162 δίιο
1092 3098 1158 3183 ἔχοι
1179 3100 1307 3182 χρόνους
1328 3091 1389 3179 (so.

163 3200 301 3283 εἰδικοίις)
328 3204 397 3277 τοὺς
424 3210 476 3269 τοῦ
504 3208 621 3289 μακροῦ
649 3208 814 3290 φωνήεντος
840 3201 875 3285 (i.
897 3221 929 3270 ο.
957 3208 982 3261 ll
1006 3201 1059 3269 νο]
1081 3200 1128 3289 tt),
1156 3203 1389 3289 συστελλόμενον

163 3310 195 3375 tt
216 3307 271 3377 ἕνα
292 3311 353 3392 (sc.
369 3306 475 3375 είδιιιδν
497 3306 621 3396 χρόνον)
643 3314 694 3375 τὸν
717 3318 768 3375 τοῦ
792 3312 924 3397 βραχέος
946 3316 1114 3398 φωνήεντος
1136 3309 1172 3393 (i.
1186 3330 1216 3376 e.
1234 3314 1258 3369 E
1277 3307 1331 3377 νο]
1343 3313 1388 3387 0).

165 3414 381 3495 Quamobrem
402 3416 524 3485 licebat
545 3415 678 3483 νοοιιίοο
702 3414 848 3483 ιίίνίδοιο

163 3738 255 3813 prima
279 3738 411 3809 products
434 3741 518 3805 euseb
546 3754 620 3793 nunc
641 3754 707 3795 vero
726 3736 798 3795 facio
816 3754 881 3795 cum
899 3736 1032 3793 Rimardo
1049 3737 1199 3803 Foerstcro,
1224 3738 1274 3807 qui
1291 3738 1388 3810 benig·

163 3828 275 3885 nissime
293 3845 337 3883 nne
355 3817 449 3883 docuit
466 3828 574 3883 mediae
592 3826 711 3883 nominis
725 3818 805 3879 Ἴλιον
819 3826 942 3897 syllabae
961 3826 1151 3897 quantitatem
1170 3845 1188 3881 a
1206 3822 1388 3898 grammatico

162 3918 383 3973 animadversam
411 3933 468 3971 esse
486 3920 525 3972 ·et
553 3926 639 3971 unum
662 3932 694 3970 ex
717 3916 756 3971 eis
780 3915 893 3971 Homeri
920 3913 1043 3970 versibus
1072 3914 1203 3973 excidisse
1231 3916 1261 3971 in
1288 3915 1388 3986 quibus

162 4006 253 4063 media
272 4006 354 4061 huius
372 4005 491 4061 nominis
510 4005 618 4074 syllaba
635 4005 770 4075 producta
788 4006 947 4075 legebatur:

375 4108 396 4163 0
416 4114 450 4167 66
486 4108 582 4165 Ἰλίου
600 4110 763 4183 προπάροιθε,
782 4108 875 4174 κολίας
894 4108 1005 4163 dilucet*
1024 4107 1130 4182 οιίζηοίις

375 4198 402 4253 Φ
417 4202 468 4257 104
486 4196 582 4257 Ἰλίου
600 4200 769 4272 προπάροιθεν
786 4198 858 4273 ἔριῇιί
878 4198 904 4253 ἓν
922 4200 992 4271 χοροί
1010 4196 1119 4271 βάλῃσιν

375 4288 433 4345 X6
487 4286 581 4345 Ἰλίου
599 4288 753 4363 προπάροιθε
772 4288 875 4343 πυλάων
892 4308 919 4342 τε
937 4286 1062 4355 Σκαιάων,

163 4416 235 4467 quae
253 4398 306 4455 viri
324 4398 366 4453 ill.
390 4398 548 4455 coniectura
570 4416 602 4453 eo
624 4398 755 4454 maiorem
782 4398 910 4455 veritatis
932 4396 1053 4468 speciem
1075 4398 1169 4463 habet,
1191 4396 1265 4466 quod
1286 4414 1387 4464 versus,

162 4488 239 4543 cuius
263 4489 293 4544 in
319 4489 410 4559 capite
429 4490 541 4545 exstant
563 4490 648 4544 verba
667 4484 764 4543 Ἰλίου
788 4486 986 4559 προπάροιδιρ),
1013 4506 1031 4543 a
1054 4485 1168 4543 librario
1189 4486 1272 4543 facile
1294 4487 1388 4543 omit-ti

162 4578 272 4647 poterut
290 4581 486 4649 postremum,
507 4578 555 4648 qni
575 4578 610 4633 ab
630 4578 724 4635 eodem
742 4578 875 4633 vocabulo
894 4570 1018 4644 (Ἴλιον)
1037 4576 1150 4632 initium
1169 4576 1253 4649 capit
