3459 5200
916 385 961 450 60

323 577 446 644 ordinis
469 579 623 663 princeps
646 583 698 643 est
719 585 853 644 auctore
875 578 901 643 Ι.
925 578 1062 662 Hilberg
1084 579 1119 659 (l.
1140 577 1162 642 1.
1186 599 1218 662 p.
1235 580 1299 645 292
1323 583 1409 663 sqq.)
1433 579 1473 663 is,
1498 580 1559 662 qni

322 705 447 772 summa
469 684 604 750 metrica
627 683 725 750 lande
748 684 836 770 apud
859 685 1059 770 Byzantinos
1081 683 1199 769 floruit,
1224 685 1386 769 Georgius
1409 685 1556 752 Pisides.

411 809 469 875 Eis
493 829 574 892 quos
597 808 691 874 alteri
715 809 851 874 tertiove
875 809 981 874 ordini
1003 807 1180 893 LHilberg
1198 809 1375 895 adscripsit
1386 810 1554 877 versifica·

322 916 447 983 toribus
471 935 595 982 summa
618 922 689 981 erat
711 915 773 994 lex,
798 923 834 980 ut
857 914 979 982 senarii
1002 915 1131 982 iambici
1150 915 1311 982 duodenis
1332 916 1469 1001 syllabis
1483 916 1556 983 effi·

326 1029 474 1089 serentur
497 1031 529 1088 et
552 1023 585 1088 in
609 1042 722 1089 versus
746 1023 834 1089 exitu
859 1043 900 1089 ea
923 1023 1019 1089 modo
1034 1025 1194 1090 vocabula
1208 1032 1406 1109 ponerentur
1419 1045 1557 1109 quornm

326 1128 455 1214 syllaba
477 1128 678 1215 paenultima
701 1137 870 1196 accentum
893 1137 1023 1196 acutum
1046 1131 1153 1197 ferret.
1200 1131 1243 1195 Hi
1265 1138 1393 1217 poetae,
1417 1138 1453 1196 nt
1475 1130 1557 1197 duo

324 1236 491 1303 denarium
521 1236 721 1322 syllabarum
748 1255 915 1301 numerum
948 1244 1124 1320 servarent,
1157 1236 1266 1303 iacere
1297 1257 1362 1305 non
1392 1245 1556 1324 poterant,

324 1344 401 1427 quin
434 1344 607 1426 genuinam
640 1343 855 1428 quantitatem
888 1364 998 1410 earum
1031 1344 1241 1429 syllabarum,
1274 1365 1360 1427 quae
1393 1345 1556 1428 quomodo

323 1449 539 1537 pensitandae
563 1458 683 1535 esseut,
708 1448 810 1516 oculis
834 1449 917 1534 ipsis
946 1469 1079 1516 cernere
1106 1470 1171 1516 non
1198 1451 1328 1530 licebat,
1357 1450 1402 1515 ad
1429 1451 1557 1517 libitum

323 1557 539 1625 immutarent.

413 1663 450 1728 ln
474 1663 687 1748 corripiendis
710 1663 878 1729 vocalibus
901 1668 983 1723 ΑΙΥ
1001 1662 1240 1729 versificatores
1254 1664 1389 1730 alterius
1402 1665 1557 1750 tertiique

280 1796 283 1802 ¹
324 1770 447 1836 ordinis
471 1770 674 1854 Hilbergiani
697 1770 780 1835 iuter
804 1789 839 1836 se
865 1771 1084 1836 consentiunt:
1113 1791 1188 1834 nam
1212 1791 1294 1855 qnas
1317 1772 1449 1837 vocales
1471 1777 1497 1830 A
1510 1777 1558 1831 Π

324 1884 452 1943 veteres
476 1877 705 1962 produxerunt,
730 1897 788 1943 eas
812 1876 905 1942 metri
929 1897 1030 1942 causa
1053 1877 1214 1962 corripere
1237 1897 1301 1942 non
1316 1877 1555 1943 dubitaverunt

325 1982 531 2067 Singularem
554 1983 659 2049 locum
682 1989 793 2048 tenent
821 1983 885 2048 duo
912 1983 1038 2049 vocalis
1061 1993 1086 2045 A
1110 2003 1244 2066 genera:
1273 1984 1398 2050 vocalis
1421 1993 1446 2047 A
1470 1982 1558 2049 crasi

324 2090 377 2155 vel
401 2089 620 2155 contractione
643 2089 778 2154 duarum
801 2090 965 2154 vocalium
992 2096 1063 2154 orta
1091 2098 1124 2155 et
1150 2090 1275 2157 vocalis
1300 2099 1332 2176 A,
1355 2091 1409 2156 cui
1430 2099 1444 2153 1
1468 2089 1558 2156 ἀνεκ-

325 2201 463 2286 peruror
486 2203 536 2263 est
564 2196 789 2281 subscriptum.
837 2196 929 2262 Haec
961 2196 1085 2262 vocalis
1113 2206 1137 2260 Α
1165 2217 1286 2280 genera
1317 2196 1558 2262 versificatores

325 2304 460 2369 alterius
489 2301 611 2368 ordinis
644 2308 701 2366 aut
732 2303 897 2388 corripere
929 2303 1057 2368 omnino
1089 2303 1260 2369 noluerunt
1290 2310 1348 2369 aut
1379 2302 1558 2371 secundum

328 2418 434 2476 certas
458 2409 553 2474 modo
578 2409 669 2492 leges
694 2409 925 2494 corripuerunt,
959 2409 1000 2474 de
1028 2410 1144 2492 quibus
1172 2410 1322 2478 conferas
1348 2410 1558 2497 Rudolpbum

326 2516 470 2582 Herober
492 2516 526 2580 in
549 2515 749 2581 Erotioorum
774 2516 967 2601 scriptorum
991 2515 1189 2582 Graecorum
1212 2517 1559 2604 vol.lI(Lips.1859)

326 2646 355 2709 p.
379 2624 423 2689 LI
447 2644 512 2707 sq.;
535 2624 694 2709 poetastri
717 2624 804 2689 tertii
828 2622 951 2688 ordinis
975 2622 1065 2707 leges
1088 2624 1164 2689 illas
1188 2622 1230 2690 de
1252 2625 1412 2691 eiusmodi
1434 2625 1559 2691 vocali·

328 2733 388 2797 bus
411 2740 434 2793 Α
460 2728 672 2815 corripiendis
696 2730 791 2795 enixe
813 2749 878 2794 non
901 2730 1162 2795 observaverunt.

418 2853 484 2919 Sed
508 2852 683 2919 admodum
707 2852 903 2920 dissentiunt
925 2852 1162 2920 versificatores
1185 2854 1319 2921 alterins
1342 2854 1465 2921 ordinis
1487 2854 1559 2921 Hil-

327 2962 476 3045 bergiani
499 2980 571 3026 cum
594 2960 769 3046 poetastris
794 2960 882 3025 tertii
905 2960 1028 3025 ordinis
1052 2961 1083 3025 in
1104 2960 1323 3047 producendis
1337 2962 1488 3029 brevibus
1501 2983 1560 3028 vo-

327 3068 451 3133 calibus
477 3072 566 3135 ΑΙΥ.
611 3067 654 3132 Ηὶ
678 3066 763 3133 enim
785 3065 876 3131 nulla
897 3066 972 3151 lege
994 3066 1095 3132 vincti
1115 3068 1291 3150 quamlibet
1304 3068 1451 3135 vocalem
1474 3074 1561 3129 Alr

327 3183 508 3261 correptam
529 3174 764 3260 produxerunt3
788 3174 835 3238 illi
862 3185 994 3240 auctore
1018 3174 1042 3239 Ι.
1065 3174 1203 3259 Hilberg
1225 3176 1260 3257 (l.
1282 3174 1303 3241 l.
1326 3197 1357 3262 p.
1381 3178 1459 3254 292)
1482 3175 1561 3243 huic

327 3282 393 3367 legi
417 3282 731 3368 obtemperaverunt:

488 3389 613 3454 Kurzes
637 3392 719 3447 ΑΙΥ
740 3387 872 3454 werden
895 3388 938 3452 im
954 3388 1018 3453 An·
1037 3387 1102 3453 und
1126 3388 1234 3454 Inlant
1256 3390 1353 3456 obno
1372 3389 1466 3475 jede
1489 3391 1559 3456 Be-

489 3494 737 3578 scbrbnknng
764 3494 848 3560 auch
876 3496 926 3560 als
956 3496 1091 3578 Langen
1123 3497 1310 3580 gebraucbt‚
1343 3497 1388 3561 im
1419 3496 1561 3564 Auslaut

483 3600 607 3685 jedoob
631 3622 690 3667 nur
712 3601 746 3665 in
769 3600 872 3667 freien
894 3602 1053 3667 Wbrteru.
1061 3604 1083 3680 ¹)

417 3726 489 3792 Etsi
511 3746 576 3791 non
598 3746 683 3809 nego
705 3725 731 3791 Ι.
758 3726 894 3809 Hilberg
917 3726 1030 3792 horum
1052 3726 1306 3793 versificatorum
1330 3737 1432 3794 artem
1451 3731 1560 3796 metri-

329 3853 401 3899 cam
424 3833 609 3899 universam
633 3833 801 3915 ingeniose
825 3832 1031 3919 explicuisse,
1060 3840 1169 3900 tamen
1191 3854 1288 3899 unam
1310 3835 1560 3923 iambograpbo-

328 3960 398 4005 rum
422 3940 671 4025 Byzantinorum
696 3939 834 4005 classem
868 3938 997 4005 silentio
1029 3942 1292 4026 praetermissam
1326 3962 1400 4008 esse
1432 3963 1559 4024 moneo,

332 4046 386 4112 eui
409 4052 541 4131 propter
563 4045 760 4131 peculiarem
783 4045 946 4111 vocalium
968 4051 1051 4106 ΑΙΥ
1075 4048 1212 4113 abusum
1234 4048 1361 4115 medius
1383 4050 1560 4116 interiam-

422 4294 443 4363 ¹)
470 4296 512 4350 De
540 4294 647 4360 ‚liberis
674 4296 827 4351 vocabulis·
856 4296 889 4351 cl.
918 4296 939 4350 Ι.
967 4296 1092 4367 Hilberg‚
1124 4297 1237 4369 Prinoip
1269 4299 1317 4353 dor
1342 4299 1562 4375 Silbenwbgung

328 4384 457 4452 (Vindob.
469 4382 550 4451 1879)
568 4401 595 4453 p.
610 4384 639 4437 2:
659 4383 711 4439 Die
724 4383 812 4439 freien
826 4384 939 4439 Wbrter
951 4384 1026 4440 siud:
1045 4385 1090 4441 die
1108 4386 1232 4441 Nomina
1244 4389 1365 4458 propria,
1384 4390 1561 4456 Pronomina,

328 4473 500 4538 Numernlia,
518 4472 563 4528 dic
580 4474 790 4543 pronominalen
809 4474 949 4530 Aduerbia
975 4474 1070 4543 (uebst
1092 4476 1147 4531 den
1170 4476 1321 4547 eigentlioh
1345 4478 1561 4535 adiectivischen

329 4556 402 4631 αἶψα,
423 4560 504 4633 δηθά,
522 4560 611 4624 πυκνά,
630 4558 708 4632 ῥεῖα),
727 4562 772 4617 die
783 4563 1012 4630 coniunctionem
1031 4564 1078 4621 dio
1092 4565 1311 4635 Prbpositionen,
1326 4566 1372 4622 die
1385 4568 1561 4624 Interiectio·

328 4668 384 4706 nen
402 4650 628 4718 (einsehliesslich
646 4649 693 4706 das
711 4652 753 4707 sla
771 4652 952 4708 Interiection
969 4654 1163 4709 bebachtoten
1182 4655 1277 4725 χαῖρε).
