3459 5200
786 347 826 411 87

221 557 306 643 furti
332 559 503 627 damnatus
530 562 584 638 est,
620 555 677 640 qui
702 576 787 638 aquo,

222 672 315 737 euius
336 692 415 739 inus
436 670 483 735 itti
494 669 638 736 Ariciam
659 689 787 735 commo·

223 785 317 850 datus
357 783 480 868 fuerat,
530 781 678 848 ulteriore
720 780 789 847 eius

223 895 390 981 municipii
412 895 489 962 divo
509 900 613 961 vectus
634 898 718 960 esset.

865 555 1007 636 sunt,¹)
1034 552 1072 617 in
1100 550 1257 619 iudicium
1278 552 1436 633 quandam

865 669 1017 745 matrim
1040 664 1123 747 qnod
1133 663 1245 729 Aricia
1260 668 1353 729 tenus
1361 686 1434 748 pra·

866 776 990 843 sariram
1025 778 1063 842 de
1098 776 1196 843 amico
1235 776 1435 842 cantherium

864 893 1032 955 mutuatus
1052 888 1213 957 auarus
1233 887 1305 954 cliui
1331 890 1435 957 ardua

860 1001 1073 1085 praeterisset.

179 1141 247 1205 vsu
271 1141 288 1204 7
313 1143 377 1205 ext.
394 1140 428 1204 r:
451 1136 649 1203 crassas
669 1156 789 1220 noque
823 1136 872 1181 0r·
899 1116 926 1179 11
955 1117 1008 1181 ¹82
1050 1113 1202 1179 naemu
1235 1112 1434 1196 Seruiani

220 1249 416 1334 fructuosam
459 1248 655 1315 industriam
688 1248 789 1333 fnisse

222 1362 364 1444 dicerem,
397 1362 463 1429 nisi
491 1363 596 1429 eudem
617 1362 665 1427 idi
686 1367 716 1427 et
736 1363 787 1428 de·

220 1475 315 1541 disset
329 1474 427 1541 citam
441 1480 471 1541 et
484 1474 669 1541 obstulisset.
690 1474 789 1559 captis

221 1587 306 1653 enim
322 1586 491 1672 Syracusis
504 1586 735 1654 Marcellus...
751 1592 789 1653 ut

221 1698 317 1783 capiti
332 1698 419 1765 iltius
427 1704 614 1783 parceretur
625 1698 725 1765 edixit
738 1750 744 1762 .
758 1750 766 1766 .
780 1750 787 1765 .

182 1850 185 1857 ·
220 1816 256 1879 at
281 1812 310 1877 is
337 1812 414 1878 dnm
439 1812 547 1879 animo
573 1817 603 1877 et
628 1812 724 1878 otidis
750 1812 789 1877 in

222 1928 308 1990 terra
339 1922 451 2005 mfiuis
482 1924 602 2006 formos
634 1924 788 2005 descdbit,

222 2036 318 2103 militi
340 2035 396 2119 qui
411 2036 593 2121 praeclamat
610 2037 718 2122 qratia
736 2038 787 2103 do-

221 2170 309 2215 mam
330 2148 500 2232 inruperat
513 2148 681 2232 strictoque
694 2171 789 2234 super

221 2266 316 2346 caput
322 2260 427 2347 puato
440 2260 591 2345 quisnam
601 2266 679 2327 esset
688 2260 788 2328 inter-

220 2374 357 2459 roqatat,
373 2376 504 2458 propter
517 2372 653 2440 nimiam
667 2374 788 2458 crepidi-

222 2490 315 2551 tatem
330 2485 545 2571 inoestiqandi
556 2487 639 2569 quod
649 2487 788 2569 require-

220 2599 271 2665 bat
298 2620 414 2665 nomen
441 2620 536 2665 surm
557 2599 701 2667 indicare
721 2619 789 2666 non

215 2712 330 2796 potuit,
346 2712 399 2776 sed
408 2715 548 2796 protecto
561 2710 787 2794 mariibicspul-

220 2821 412 2903 oere:.‘noti,’
428 2821 537 2904 iuquit
546 2819 677 2887 ‘obsecro
690 2822 788 2888 istum

221 2933 423 3016 disturbare',
462 2953 499 3000 ac
526 2934 662 3018 perinde
696 2934 789 3018 quasi

222 3047 387 3133 neqleqens
418 3046 545 3130 imperii
580 3045 707 3112 victoris
739 3046 787 3112 ob-

221 3163 390 3225 truncatus
421 3157 580 3244 sanquine
615 3179 672 3223 suo
707 3158 789 3224 artis

218 3292 295 3338 seiae
316 3271 505 3337 liniamenta
526 3269 679 3353 confidit.

865 1224 1064 1293 Archimedis
1084 1224 1171 1291 stetit
1188 1224 1309 1311 plor-im
1329 1226 1436 1291 docuit

864 1358 1003 1421 nauaque
1016 1337 1122 1404 exitus
1135 1336 1220 1405 aaa
1230 1336 1366 1403 odioisse
1370 1361 1433 1423 pro

865 1452 985 1519 ciudus
998 1457 1165 1519 conmenta
1173 1452 1354 1537 prudentis.
1376 1454 1434 1537 qui

864 1564 1009 1648 nequivit
1017 1564 1297 1651 dansaproteqere,
1307 1566 1434 1649 quando

860 1676 1015 1761 potuisset
1034 1682 1144 1761 aperta
1164 1674 1317 1744 munire?

177 3403 287 3468 v1118
315 3407 380 3468 ext.
402 3403 437 3466 t:
472 3397 632 3464 Homerus
657 3421 785 3482 quoque,
822 3406 862 3470 III
885 3406 972 3485 743:
1010 3425 1087 3470 nom
1108 3408 1139 3470 et
1158 3403 1302 3470 Aenum
1323 3410 1432 3473 vatiam

218 3511 343 3598 inqenii
358 3511 495 3578 caeustis
509 3516 603 3591 cates,
618 3511 786 3578 nonatirod
864 3516 1024 3581 maximus
1050 3515 1147 3599 refert
1173 3537 1303 3600 aequum
1328 3516 1432 3582 animi

217 3622 317 3692 sensit
348 3622 626 3689 uehementissimis
655 3623 785 3690 Actsidis
863 3648 958 3692 ouras
997 3627 1114 3708 fidibus
1155 3627 1321 3696 resolvisse.
1381 3631 1431 3696 cf.

217 3739 366 3806 nmnibus
387 3757 520 3804 canoras
539 3735 617 3818 fides
637 3739 784 3823 aptando,
863 3762 896 3824 p.
924 3742 972 3805 Io.

218 3858 255 3918 ut
287 3873 398 3917 oariom
430 3849 566 3917 mititare
598 3849 695 3916 robur
721 3851 785 3917 teon

212 3963 303 4049 pacis
323 3963 428 4028 studio
450 3961 616 4029 relocaret.

177 4095 245 4159 VIII
271 4097 357 4174 15,3:
395 4091 523 4158 Roriam
549 4091 704 4176 specimen
731 4093 785 4158 Ico-
820 4115 868 4160 or.
892 4096 995 4161 1132:
1018 4093 1104 4178 ipsas
1125 4091 1277 4187 nobilium
1299 4091 1431 4159 dimisere
1485 4183 1489 4188 .

217 4205 306 4270 noris
320 4205 358 4270 in
374 4203 520 4290 Scipione
534 4224 655 4288 quoque
666 4203 787 4270 Nasica
858 4211 968 4293 pentes
989 4207 1066 4290 (di):
1103 4203 1257 4270 Pinarios
1279 4205 1431 4271 Heroides

216 4316 364 4383 oboritur.
398 4316 466 4383 eius
482 4336 618 4400 nonique
638 4316 785 4382 monitoris
862 4317 1037 4401 ncrepavit,
1085 4316 1184 4382 Idaeo
1222 4321 1322 4382 mater
1356 4317 1430 4402 teqit

262 4563 283 4632 ¹)
303 4561 440 4616 Notabilis
468 4565 511 4616 est
537 4560 709 4614 consuetudo
736 4561 901 4630 scriptorum
929 4561 1027 4614 aetaIIs
1054 4558 1223 4629 posterioris,
1251 4559 1298 4628 qui
1325 4564 1430 4613 certum

176 4651 316 4718 quendam
334 4655 475 4704 sudorem
493 4649 681 4703 suscribentes
699 4653 792 4702 tasnen
815 4649 875 4704 etus
894 4665 995 4704 nomen
1018 4647 1159 4702 occultant
1177 4647 1268 4716 potius
1287 4664 1371 4718 quam
1388 4647 1428 4702 in-

175 4737 280 4792 dicant.
318 4737 357 4792 CI.
375 4737 473 4801 1233.
492 4737 534 4794 33.
553 4736 595 4792 34.
614 4736 683 4800 953.
718 4736 876 4790 Aus.xvl1
895 4737 918 4790 1.
