3459 5200
615 607 816 708 „Q

130 819 174 887 ad
198 822 312 886 Iubam
341 819 461 901 refugit
493 818 640 884 Hensius
670 818 712 882 de
741 817 809 881 lub.
838 837 870 900 p.
892 818 945 882 49.
970 819 1034 882 008
1060 837 1133 902 sqq.
1178 817 1300 884 Verum

130 925 174 988 ab
204 922 399 1005 Aphthonio
433 926 607 1004 praeterea
640 921 741 986 alium
775 925 947 988 auctorem
975 921 1180 1002 exscriptum
1214 943 1300 1002 esse,

130 1026 189 1110 qui
211 1031 287 1092 octo
311 1026 376 1091 illis
401 1030 508 1090 metra
530 1025 573 1089 ad
595 1044 729 1089 versum
755 1026 896 1089 heroum
924 1025 1179 1108 trimetrumque
1203 1046 1300 1094 revo-

133 1129 235 1194 candi
257 1129 367 1193 modis
391 1149 411 1192 a
433 1128 605 1193 Victorino
627 1148 659 1211 p.
689 1130 765 1206 101,
793 1129 813 1191 6
837 1149 909 1210 sqq.
944 1129 1097 1192 excitatis
1129 1149 1211 1194 usus
1245 1131 1300 1210 sit,

129 1253 239 1315 nuper
262 1253 324 1297 nos
348 1233 462 1298 docuit
484 1231 674 1297 Schultzius
697 1232 718 1296 t.
743 1251 771 1295 c.
815 1231 946 1296 Nomen
969 1232 1016 1296 illi
1039 1232 1143 1297 tuisse
1165 1234 1300 1298 Thaco·

127 1338 240 1400 mesto
264 1357 304 1400 ex
325 1355 359 1418 p.
386 1336 454 1414 140,
478 1336 497 1399 3
529 1335 796 1400 concludendum
826 1355 902 1399 esse
930 1336 1077 1399 censuit:
1106 1356 1190 1418 quae
1219 1356 1300 1402 con·

129 1438 259 1502 iectura
274 1438 406 1501 etiamsi
423 1437 624 1502 dubitationi
640 1437 787 1501 obnoxia
803 1437 855 1514 sit,
872 1457 936 1500 nos
952 1457 1083 1521 quoque
1100 1440 1299 1520 scriptorem

127 1541 224 1606 illum
247 1541 511 1605 Thacomestum
533 1541 787 1622 appellabimus.
832 1540 917 1604 Huic
932 1544 1041 1604 totum
1063 1541 1144 1605 iilud
1168 1543 1209 1607 de
1232 1563 1298 1626 quo

127 1645 239 1726 agitur
262 1648 360 1726 caput
382 1665 413 1726 p.
438 1646 489 1722 56,
515 1645 649 1723 15-60,
677 1645 718 1708 05
740 1643 980 1708 vindicandum
1009 1663 1085 1708 csse
1108 1646 1298 1712 Schultzius

127 1748 181 1812 vei
205 1768 247 1812 ex
270 1748 474 1829 singulorum
498 1749 643 1830 capitum
670 1748 704 1812 in
733 1748 843 1830 primo
871 1747 1034 1812 Victorini
1061 1749 1148 1813 libro
1178 1750 1298 1816 ordine

126 1851 215 1915 effici
237 1851 364 1932 putavit
385 1851 419 1931 (i.
445 1871 471 1914 c.
494 1872 526 1933 p.
549 1852 601 1915 40.
624 1853 690 1930 50).
733 1851 939 1920 Permixtam
962 1850 1052 1915 enim
1074 1871 1150 1917 esse
1173 1853 1209 1918 in
1231 1855 1297 1920 hoc

126 1955 216 2018 libro
250 1954 348 2018 lubae
382 1955 571 2019 doctrinam
604 1958 703 2037 atque
733 1954 951 2020 Thacomesti
979 1959 1013 2019 et
1040 1955 1088 2019 illi
1117 1957 1298 2023 tribuenda

127 2077 206 2122 esse
229 2059 338 2140 capita
360 2057 402 2122 de
424 2057 590 2140 rhythmo,
614 2057 655 2122 de
677 2057 820 2140 pedihus
842 2078 875 2139 p.
891 2057 942 2135 43,
959 2058 1074 2122 9-24.
1097 2059 1150 2138 44,
1168 2061 1209 2124 10
1223 2081 1297 2144 sqq.

123 2162 180 2238 47,
206 2161 220 2224 1
247 2179 329 2243 sqq,
353 2160 394 2224 de
416 2161 532 2224 metris
555 2181 587 2243 p.
611 2161 662 2240 51,
688 2161 823 2238 19-53,
845 2162 898 2239 05,
927 2161 968 2224 de
996 2161 1079 2226 coiis
1102 2166 1296 2243 metrorum,

126 2265 170 2328 de
194 2267 377 2328 metrorum
400 2263 464 2328 fine
488 2285 546 2329 seu
569 2265 734 2342 clausula,
763 2264 804 2328 de
834 2264 1001 2347 epiploce,
1032 2265 1108 2328 huic
1135 2265 1177 2331 de
1199 2269 1297 2350 sylla·

124 2368 192 2446 bis,
215 2368 256 2431 de
279 2367 346 2431 arsi
371 2371 403 2430 et
425 2368 523 2446 thesi,
544 2368 586 2431 de
603 2368 744 2450 pedibus
760 2388 792 2449 p.
807 2368 860 2445 43,
875 2369 1015 2445 att-44,
1030 2369 1050 2431 9
1066 2372 1099 2433 et
1113 2370 1165 2448 46,
1180 2371 1297 2451 6-33,

126 2471 170 2536 de
193 2471 310 2537 metris
332 2491 363 2552 p.
380 2471 432 2548 50,
450 2471 585 2548 10-51,
605 2473 653 2549 18,
677 2471 718 2535 de
739 2491 848 2548 versu,
873 2471 915 2534 de
929 2471 1071 2554 poetica,
1090 2472 1131 2536 de
1148 2475 1296 2556 strophe.

126 2577 171 2640 At
188 2574 277 2639 enim
293 2577 366 2641 arte
382 2575 470 2639 inter
486 2595 522 2639 se
539 2575 718 2641 cohaerere
735 2575 984 2640 enarrationem
999 2594 1031 2658 p.
1044 2576 1095 2654 53,
1113 2577 1250 2658 act-55,
1266 2580 1296 2658 9,

125 2698 194 2761 qua
216 2678 258 2743 de
281 2680 365 2758 colo,
390 2684 565 2757 commate,
589 2680 709 2758 sticho,
733 2680 873 2763 periodo
902 2680 1026 2762 agitur,
1056 2686 1089 2745 et
1114 2702 1189 2747 eam
1211 2704 1297 2767 quae

126 2782 315 2847 carminum
338 2784 516 2865 generibus
539 2784 664 2849 tributa
687 2788 739 2848 est
757 2784 972 2865 cognoscitur
987 2785 1108 2849 collato
1126 2805 1296 2852 commen·

126 2885 213 2949 tario
241 2886 422 2968 Hephaest.
456 2887 484 2950 ΙΙ
511 2907 544 2969 p.
573 2886 669 2951 V117
694 2908 766 2970 sqq.
818 2888 906 2969 Ergo
939 2888 1101 2953 Victorini
1136 2890 1219 2954 ordo
1253 2892 1296 2955 ab

124 2988 387 3071 Hephaestionis
412 2990 609 3068 enchiridio,
633 2992 726 3055 cuius
748 2991 857 3073 primo
882 2992 990 3074 capite
1012 2992 1121 3073 agitur
1137 2993 1179 3056 de
1195 2995 1294 3076 sylla·

123 3094 191 3170 bis,
219 3093 325 3157 altero
346 3094 400 3157 'de
431 3096 686 3177 synecphonesi,
719 3096 819 3159 tertio
849 3095 891 3159 de
918 3095 1070 3176 pedibus,
1105 3102 1224 3179 quarto
1254 3098 1296 3163 de

124 3201 311 3261 metrorum
335 3198 491 3276 clausula,
515 3219 554 3263 eo
576 3200 791 3281 potissimum
814 3199 926 3277 distat,
950 3198 1039 3282 quod
1055 3200 1155 3281 capiti
1173 3200 1216 3265 de
1229 3200 1294 3266 tine

123 3303 309 3364 metrorum
332 3300 443 3365 brevis
467 3302 508 3366 de
531 3302 647 3366 metris
671 3322 852 3385 eorumque
874 3303 1026 3384 partibus
1050 3302 1295 3385 coniugationi-

123 3406 257 3486 busque
281 3404 463 3485 disputatio
485 3406 673 3487 praemissa
695 3410 756 3470 est.
807 3405 905 3484 Quod
932 3410 1045 3470 utrum
1067 3426 1087 3470 a
1108 3407 1217 3486 Iuba¹)
1250 3428 1295 3473 an

124 3526 146 3569 a
171 3506 398 3572 Thacomesto
429 3508 551 3572 factum
582 3510 641 3587 sit,
675 3510 740 3573 nisi
769 3510 834 3573 alia
862 3515 1058 3591 argumenta
1079 3512 1294 3591 accesserint,

124 3610 274 3673 discerni
299 3630 368 3675 non
389 3612 522 3693 poterit.
567 3613 680 3695 Itaque
708 3632 783 3677 cum
812 3632 882 3677 non
910 3614 953 3677 sit
981 3634 1046 3695 quo
1075 3615 1155 3679 Iuba
1183 3617 1294 3680 exclu-

122 3712 235 3789 datur,
258 3713 389 3795 singula
410 3734 678 3796 percenseamus

211 3816 260 3880 Ac
281 3816 424 3898 primam
448 3817 582 3899 quidem
609 3819 855 3901 paragraphum
883 3839 915 3901 p.
939 3819 990 3897 56,
1016 3820 1166 3900 15-21,
1194 3842 1294 3904 quam

122 3938 187 3983 suo
223 3918 294 3984 iure
327 3920 415 3984 inter
444 3920 630 4001 fragmenta
659 3922 867 3987 Varroniana
897 3924 1022 4004 recepit
1050 3924 1293 3989 Wilmannsius

122 4024 144 4087 l.
170 4040 198 4086 c.
220 4042 253 4103 p.
270 4024 333 4086 000
349 4042 398 4105 sq.
421 4024 475 4101 (ci.
492 4024 570 4088 ibid.
589 4045 621 4106 p.
637 4025 701 4108 68),
723 4045 782 4107 per
797 4025 1059 4091 Thacomestum
1081 4026 1124 4090 ad
1140 4028 1294 4109 Aphtho-

122 4126 220 4189 nium
243 4126 437 4206 pervenisse
459 4147 559 4191 nemo
584 4128 727 4210 negabit.
771 4129 808 4192 In
832 4128 940 4210 capite
967 4129 1157 4212 insequenti
1185 4151 1217 4213 p.
1240 4132 1292 4209 56,

121 4230 263 4308 aa-58,
285 4230 307 4293 4
328 4230 544 4312 Aphthonius
567 4232 711 4313 primum
739 4236 808 4295 tres
835 4231 1024 4297 carminum
1052 4233 1183 4315 species
1212 4254 1292 4298 enu-

122 4337 243 4411 merat,
266 4352 406 4415 quarum
428 4334 537 4416 prima
560 4334 699 4399 efficitur
723 4334 927 4399 carminibus
950 4334 1034 4398 κατὰ
1048 4334 1164 4420 στίχον,
1187 4338 1293 4402 altera

121 4435 361 4519 systematiciS,
383 4438 483 4503 tertia
504 4436 629 4517 mixtis,
652 4442 722 4502 tum
745 4437 863 4502 eadem
886 4438 990 4502 ferme
1013 4458 1087 4503 esse
1110 4435 1292 4525 ἀμετάβολα

215 4660 234 4729 ι)
254 4659 287 4713 er.
307 4661 365 4715 rub.
385 4662 458 4729 apuu
478 4660 545 4714 via.
565 4678 590 4729 p.
610 4662 651 4723 so,
670 4664 694 4714 o.
712 4662 755 4725 aa,
776 4662 947 4725 15418.53,
967 4662 1076 4715 re-rr.
