<?xml version="1.0" encoding="UTF-8"?>
<!DOCTYPE html PUBLIC "-//W3C//DTD XHTML 1.0 Transitional//EN"
    "http://www.w3.org/TR/xhtml1/DTD/xhtml1-transitional.dtd">
<html xmlns="http://www.w3.org/1999/xhtml" xml:lang="en" lang="en">
 <head>
  <title>
</title>
<meta http-equiv="Content-Type" content="text/html;charset=utf-8" />
  <meta name='ocr-system' content='tesseract 3.04.00' />
  <meta name='ocr-capabilities' content='ocr_page ocr_carea ocr_par ocr_line ocrx_word'/>
</head>
<body>
  <div class='ocr_page' id='page_1' title='image "./detacitosenecae00zimmgoog_0602.png"; bbox 0 0 3459 5200; ppageno 0'>
   <div class='ocr_carea' id='block_1_1' title="bbox 659 481 859 493">
    <p class='ocr_par' dir='ltr' id='par_1_1' title="bbox 659 481 859 493">
     <span class='ocr_line' id='line_1_1' title="bbox 659 481 859 493; baseline 0.005 -2"><span class='ocrx_word' id='word_1_1' title='bbox 659 481 859 493; x_wconf 51' lang='lat' dir='ltr'><strong><em>b--ffl</em></strong></span> 
     </span>
    </p>
   </div>
   <div class='ocr_carea' id='block_1_2' title="bbox 50 576 1500 3042">
    <p class='ocr_par' dir='ltr' id='par_1_2' title="bbox 50 576 1500 3042">
     <span class='ocr_line' id='line_1_2' title="bbox 822 576 1500 689; baseline -0.001 -20"><span class='ocrx_word' id='word_1_2' title='bbox 822 603 911 669; x_wconf 63' lang='lat' dir='ltr'><strong><em>uteo</em></strong></span> <span class='ocrx_word' id='word_1_3' title='bbox 942 623 1038 687; x_wconf 81' lang='lat' dir='ltr'><strong><em>quam</em></strong></span> <span class='ocrx_word' id='word_1_4' title='bbox 1069 624 1189 689; x_wconf 77' lang='lat' dir='ltr'><strong><em>ropare.</em></strong></span> <span class='ocrx_word' id='word_1_5' title='bbox 1233 602 1273 669; x_wconf 83' lang='lat' dir='ltr'><strong><em>ul</em></strong></span> <span class='ocrx_word' id='word_1_6' title='bbox 1299 602 1385 683; x_wconf 84' lang='lat'>17‚1:</span> <span class='ocrx_word' id='word_1_7' title='bbox 1492 576 1500 593; x_wconf 56' lang='lat'><em>⁰</em></span> 
     </span>
     <span class='ocr_line' id='line_1_3' title="bbox 822 714 1388 801; baseline 0 -20"><span class='ocrx_word' id='word_1_8' title='bbox 822 720 860 781; x_wconf 92' lang='lat' dir='ltr'><strong><em>ut</em></strong></span> <span class='ocrx_word' id='word_1_9' title='bbox 891 716 930 781; x_wconf 89' lang='lat' dir='ltr'><strong><em>iu</em></strong></span> <span class='ocrx_word' id='word_1_10' title='bbox 961 716 1118 799; x_wconf 67' lang='lat' dir='ltr'><strong><em>reliquum</em></strong></span> <span class='ocrx_word' id='word_1_11' title='bbox 1149 715 1244 801; x_wconf 81' lang='lat' dir='ltr'><strong><em>pensi</em></strong></span> <span class='ocrx_word' id='word_1_12' title='bbox 1276 714 1388 781; x_wconf 77' lang='lat' dir='ltr'><strong><em>habeas</em></strong></span> 
     </span>
     <span class='ocr_line' id='line_1_4' title="bbox 822 829 1390 915; baseline 0 -22"><span class='ocrx_word' id='word_1_13' title='bbox 822 829 980 895; x_wconf 76' lang='lat' dir='ltr'><strong><em>amicitiae</em></strong></span> <span class='ocrx_word' id='word_1_14' title='bbox 1015 829 1224 915; x_wconf 81' lang='lat' dir='ltr'><strong><em>ditipeutiam.</em></strong></span> <span class='ocrx_word' id='word_1_15' title='bbox 1268 830 1311 894; x_wconf 88' lang='lat' dir='ltr'><strong><em>IX</em></strong></span> <span class='ocrx_word' id='word_1_16' title='bbox 1334 830 1390 893; x_wconf 75' lang='lat'><strong><em>34:</em></strong></span> 
     </span>
     <span class='ocr_line' id='line_1_5' title="bbox 822 941 1391 1027; baseline -0.005 -20"><span class='ocrx_word' id='word_1_17' title='bbox 822 960 900 1007; x_wconf 86' lang='lat' dir='ltr'><strong><em>uam</em></strong></span> <span class='ocrx_word' id='word_1_18' title='bbox 921 941 1136 1027; x_wconf 75' lang='lat' dir='ltr'><strong><em>Lampadium</em></strong></span> <span class='ocrx_word' id='word_1_19' title='bbox 1161 962 1186 1005; x_wconf 89' lang='lat' dir='ltr'><strong><em>c.</em></strong></span> <span class='ocrx_word' id='word_1_20' title='bbox 1209 963 1250 1006; x_wconf 90' lang='lat' dir='ltr'><strong><em>m.</em></strong></span> <span class='ocrx_word' id='word_1_21' title='bbox 1272 961 1301 1004; x_wconf 87' lang='lat' dir='ltr'><strong><em>v.</em></strong></span> <span class='ocrx_word' id='word_1_22' title='bbox 1323 960 1391 1004; x_wconf 87' lang='lat' dir='ltr'><strong><em>mm</em></strong></span> 
     </span>
     <span class='ocr_line' id='line_1_6' title="bbox 822 1052 1238 1138; baseline 0.002 -22"><span class='ocrx_word' id='word_1_23' title='bbox 822 1054 997 1135; x_wconf 76' lang='lat' dir='ltr'><strong><em>usque†ad</em></strong></span> <span class='ocrx_word' id='word_1_24' title='bbox 1016 1052 1112 1138; x_wconf 79' lang='lat' dir='ltr'><strong><em>pensi</em></strong></span> <span class='ocrx_word' id='word_1_25' title='bbox 1132 1052 1238 1119; x_wconf 80' lang='lat' dir='ltr'><strong><em>habui.</em></strong></span> 
     </span>
     <span class='ocr_line' id='line_1_7' title="bbox 866 1164 1391 1249; baseline -0.004 -18"><span class='ocrx_word' id='word_1_26' title='bbox 866 1168 1028 1232; x_wconf 85' lang='lat' dir='ltr'><strong><em>Indicavit</em></strong></span> <span class='ocrx_word' id='word_1_27' title='bbox 1041 1168 1209 1249; x_wconf 78' lang='lat' dir='ltr'><strong><em>Vogelius‚</em></strong></span> <span class='ocrx_word' id='word_1_28' title='bbox 1225 1185 1324 1248; x_wconf 83' lang='lat' dir='ltr'><strong><em>quem</em></strong></span> <span class='ocrx_word' id='word_1_29' title='bbox 1340 1164 1391 1229; x_wconf 86' lang='lat' dir='ltr'><strong><em>tu-</em></strong></span> 
     </span>
     <span class='ocr_line' id='line_1_8' title="bbox 823 1280 1128 1360; baseline 0.003 -17"><span class='ocrx_word' id='word_1_30' title='bbox 823 1280 871 1360; x_wconf 81' lang='lat' dir='ltr'><strong><em>git</em></strong></span> <span class='ocrx_word' id='word_1_31' title='bbox 893 1280 987 1345; x_wconf 89' lang='lat' dir='ltr'><strong><em>locus</em></strong></span> <span class='ocrx_word' id='word_1_32' title='bbox 1010 1280 1023 1343; x_wconf 94' lang='lat' dir='ltr'>l</span> <span class='ocrx_word' id='word_1_33' title='bbox 1048 1281 1128 1358; x_wconf 63' lang='lat'><strong><em>153.</em></strong></span> 
     </span>
     <span class='ocr_line' id='line_1_9' title="bbox 137 1387 1389 1474; baseline -0.002 -21"><span class='ocrx_word' id='word_1_34' title='bbox 137 1390 219 1466; x_wconf 72' lang='lat' dir='ltr'><strong><em>ica.</em></strong></span> <span class='ocrx_word' id='word_1_35' title='bbox 242 1389 347 1469; x_wconf 69' lang='lat' dir='ltr'><strong><em>mas.</em></strong></span> <span class='ocrx_word' id='word_1_36' title='bbox 371 1388 444 1467; x_wconf 64' lang='lat'><strong><em>582</em></strong></span> <span class='ocrx_word' id='word_1_37' title='bbox 467 1388 499 1451; x_wconf 92' lang='lat' dir='ltr'><strong><em>h.</em></strong></span> <span class='ocrx_word' id='word_1_38' title='bbox 523 1388 550 1451; x_wconf 87' lang='grc' dir='ltr'><strong><em>ΙΙ</em></strong></span> <span class='ocrx_word' id='word_1_39' title='bbox 572 1388 669 1467; x_wconf 69' lang='lat' dir='ltr'><strong><em>maa</em></strong></span> <span class='ocrx_word' id='word_1_40' title='bbox 691 1387 743 1451; x_wconf 69' lang='lat' dir='ltr'><strong><em>Ka</em></strong></span> <span class='ocrx_word' id='word_1_41' title='bbox 781 1391 986 1456; x_wconf 86' lang='lat' dir='ltr'><strong><em>Vocabulum</em></strong></span> <span class='ocrx_word' id='word_1_42' title='bbox 1009 1411 1029 1455; x_wconf 88' lang='lat' dir='ltr'>a</span> <span class='ocrx_word' id='word_1_43' title='bbox 1051 1390 1175 1474; x_wconf 83' lang='lat' dir='ltr'><strong><em>Symm.</em></strong></span> <span class='ocrx_word' id='word_1_44' title='bbox 1198 1389 1348 1466; x_wconf 73' lang='lat'><strong>15‚1.49</strong></span> <span class='ocrx_word' id='word_1_45' title='bbox 1371 1407 1389 1451; x_wconf 86' lang='lat' dir='ltr'><strong><em>e</em></strong></span> 
     </span>
     <span class='ocr_line' id='line_1_10' title="bbox 177 1498 1391 1585; baseline -0.016 -3"><span class='ocrx_word' id='word_1_46' title='bbox 177 1498 394 1581; x_wconf 57' lang='lat' dir='ltr'><strong><em>nequicquam·</em></strong></span> <span class='ocrx_word' id='word_1_47' title='bbox 824 1502 984 1569; x_wconf 85' lang='lat' dir='ltr'><strong><em>Sallustio</em></strong></span> <span class='ocrx_word' id='word_1_48' title='bbox 1008 1501 1184 1585; x_wconf 78' lang='lat' dir='ltr'><strong><em>repetitum</em></strong></span> <span class='ocrx_word' id='word_1_49' title='bbox 1209 1520 1284 1565; x_wconf 84' lang='lat' dir='ltr'><strong><em>esse</em></strong></span> <span class='ocrx_word' id='word_1_50' title='bbox 1307 1499 1391 1565; x_wconf 85' lang='lat' dir='ltr'><strong><em>dixit</em></strong></span> 
     </span>
     <span class='ocr_line' id='line_1_11' title="bbox 824 1612 1198 1679; baseline -0.008 0"><span class='ocrx_word' id='word_1_51' title='bbox 824 1612 975 1679; x_wconf 78' lang='lat' dir='ltr'><strong><em>Walfflin</em></strong></span> <span class='ocrx_word' id='word_1_52' title='bbox 996 1615 1097 1679; x_wconf 84' lang='lat' dir='ltr'><strong><em>Arch.</em></strong></span> <span class='ocrx_word' id='word_1_53' title='bbox 1119 1614 1147 1678; x_wconf 89' lang='grc' dir='ltr'><em>Π</em></span> <span class='ocrx_word' id='word_1_54' title='bbox 1169 1614 1198 1677; x_wconf 91' lang='lat'><strong><em>8.</em></strong></span> 
     </span>
     <span class='ocr_line' id='line_1_12' title="bbox 136 1720 1390 1808; baseline -0.004 -17"><span class='ocrx_word' id='word_1_55' title='bbox 136 1727 223 1804; x_wconf 73' lang='lat' dir='ltr'><strong><em>3a‚1:</em></strong></span> <span class='ocrx_word' id='word_1_56' title='bbox 239 1727 402 1807; x_wconf 82' lang='lat' dir='ltr'><strong><em>optumum</em></strong></span> <span class='ocrx_word' id='word_1_57' title='bbox 411 1722 500 1805; x_wconf 79' lang='lat' dir='ltr'><strong><em>factu</em></strong></span> <span class='ocrx_word' id='word_1_58' title='bbox 515 1722 644 1788; x_wconf 66' lang='lat' dir='ltr'><strong><em>cremus</em></strong></span> <span class='ocrx_word' id='word_1_59' title='bbox 657 1743 744 1787; x_wconf 83' lang='lat' dir='ltr'><strong><em>eaer-</em></strong></span> <span class='ocrx_word' id='word_1_60' title='bbox 782 1727 837 1791; x_wconf 89' lang='lat' dir='ltr'><strong><em>rcl.</em></strong></span> <span class='ocrx_word' id='word_1_61' title='bbox 862 1728 949 1805; x_wconf 85' lang='lat'>31‚3:</span> <span class='ocrx_word' id='word_1_62' title='bbox 978 1723 1067 1806; x_wconf 84' lang='lat' dir='ltr'><strong><em>factu</em></strong></span> <span class='ocrx_word' id='word_1_63' title='bbox 1087 1723 1240 1808; x_wconf 88' lang='lat' dir='ltr'><strong><em>aptimum</em></strong></span> <span class='ocrx_word' id='word_1_64' title='bbox 1262 1720 1390 1800; x_wconf 72' lang='lat' dir='ltr'><strong><em>madidi,</em></strong></span> 
     </span>
     <span class='ocr_line' id='line_1_13' title="bbox 177 1835 1392 1921; baseline -0.002 -20"><span class='ocrx_word' id='word_1_65' title='bbox 177 1836 276 1901; x_wconf 86' lang='lat' dir='ltr'><strong><em>citam</em></strong></span> <span class='ocrx_word' id='word_1_66' title='bbox 297 1856 420 1921; x_wconf 78' lang='lat' dir='ltr'><strong><em>aupere.</em></strong></span> <span class='ocrx_word' id='word_1_67' title='bbox 458 1839 548 1915; x_wconf 85' lang='lat'>55‚1:</span> <span class='ocrx_word' id='word_1_68' title='bbox 582 1840 745 1919; x_wconf 88' lang='lat' dir='ltr'><strong><em>optumum</em></strong></span> <span class='ocrx_word' id='word_1_69' title='bbox 823 1841 861 1901; x_wconf 91' lang='lat' dir='ltr'><strong><em>ut</em></strong></span> <span class='ocrx_word' id='word_1_70' title='bbox 897 1835 1080 1902; x_wconf 75' lang='lat' dir='ltr'><strong><em>aeternitati</em></strong></span> <span class='ocrx_word' id='word_1_71' title='bbox 1118 1840 1238 1901; x_wconf 83' lang='lat' dir='ltr'><strong><em>uestrae</em></strong></span> <span class='ocrx_word' id='word_1_72' title='bbox 1279 1854 1392 1899; x_wconf 84' lang='lat' dir='ltr'><strong><em>causae</em></strong></span> 
     </span>
     <span class='ocr_line' id='line_1_14' title="bbox 175 1946 1357 2031; baseline -0.002 -19"><span class='ocrx_word' id='word_1_73' title='bbox 175 1946 265 2031; x_wconf 83' lang='lat' dir='ltr'><strong><em>sactu</em></strong></span> <span class='ocrx_word' id='word_1_74' title='bbox 293 1952 384 2013; x_wconf 87' lang='lat' dir='ltr'><strong><em>ratas</em></strong></span> <span class='ocrx_word' id='word_1_75' title='bbox 410 1952 530 2013; x_wconf 81' lang='lat' dir='ltr'><strong><em>uectem</em></strong></span> <span class='ocrx_word' id='word_1_76' title='bbox 553 1998 560 2011; x_wconf 94' lang='lat'><em>.</em></span> <span class='ocrx_word' id='word_1_77' title='bbox 584 1998 592 2013; x_wconf 89' lang='lat'><strong>.</strong></span> <span class='ocrx_word' id='word_1_78' title='bbox 616 1996 624 2011; x_wconf 91' lang='lat'><strong>.</strong></span> <span class='ocrx_word' id='word_1_79' title='bbox 657 1950 745 2011; x_wconf 89' lang='lat' dir='ltr'><strong><em>aute·</em></strong></span> <span class='ocrx_word' id='word_1_80' title='bbox 823 1947 918 2013; x_wconf 89' lang='lat' dir='ltr'><strong><em>istius</em></strong></span> <span class='ocrx_word' id='word_1_81' title='bbox 934 1948 1136 2031; x_wconf 80' lang='lat' dir='ltr'><strong><em>pontificium</em></strong></span> <span class='ocrx_word' id='word_1_82' title='bbox 1157 1968 1357 2012; x_wconf 72' lang='lat' dir='ltr'><strong><em>reservarem.</em></strong></span> 
     </span>
     <span class='ocr_line' id='line_1_15' title="bbox 178 2060 745 2143; baseline -0.004 -18"><span class='ocrx_word' id='word_1_83' title='bbox 178 2080 293 2143; x_wconf 83' lang='lat' dir='ltr'><strong><em>capere.</em></strong></span> <span class='ocrx_word' id='word_1_84' title='bbox 328 2062 399 2139; x_wconf 88' lang='lat'>57‚1</span> <span class='ocrx_word' id='word_1_85' title='bbox 424 2062 490 2143; x_wconf 84' lang='lat' dir='ltr'><strong><em>lug.</em></strong></span> <span class='ocrx_word' id='word_1_86' title='bbox 510 2061 600 2139; x_wconf 83' lang='lat'>107‚5</span> <span class='ocrx_word' id='word_1_87' title='bbox 618 2060 684 2125; x_wconf 90' lang='lat' dir='ltr'><strong><em>Cic.</em></strong></span> <span class='ocrx_word' id='word_1_88' title='bbox 702 2060 745 2123; x_wconf 87' lang='lat' dir='ltr'><strong><em>ad</em></strong></span> 
     </span>
     <span class='ocr_line' id='line_1_16' title="bbox 179 2174 418 2251; baseline 0.004 -13"><span class='ocrx_word' id='word_1_89' title='bbox 179 2175 256 2239; x_wconf 85' lang='lat' dir='ltr'><strong><em>fam.</em></strong></span> <span class='ocrx_word' id='word_1_90' title='bbox 280 2174 334 2239; x_wconf 85' lang='lat' dir='ltr'><strong><em>vu</em></strong></span> <span class='ocrx_word' id='word_1_91' title='bbox 357 2175 418 2251; x_wconf 78' lang='lat'><strong><em>3‚4.</em></strong></span> 
     </span>
     <span class='ocr_line' id='line_1_17' title="bbox 136 2280 1390 2365; baseline -0.003 -14"><span class='ocrx_word' id='word_1_92' title='bbox 136 2287 246 2364; x_wconf 62' lang='lat'>5138:</span> <span class='ocrx_word' id='word_1_93' title='bbox 280 2304 372 2349; x_wconf 90' lang='lat' dir='ltr'><strong><em>arma</em></strong></span> <span class='ocrx_word' id='word_1_94' title='bbox 393 2288 486 2365; x_wconf 78' lang='lat' dir='ltr'><strong><em>atque</em></strong></span> <span class='ocrx_word' id='word_1_95' title='bbox 511 2281 570 2348; x_wconf 82' lang='lat' dir='ltr'><strong><em>teta</em></strong></span> <span class='ocrx_word' id='word_1_96' title='bbox 591 2280 745 2347; x_wconf 76' lang='lat' dir='ltr'><strong><em>militaria</em></strong></span> <span class='ocrx_word' id='word_1_97' title='bbox 781 2285 1045 2365; x_wconf 80' lang='lat' dir='ltr'><strong><em>11111,3:uuu</em></strong></span> <span class='ocrx_word' id='word_1_98' title='bbox 1065 2304 1086 2347; x_wconf 92' lang='lat' dir='ltr'><strong><em>a</em></strong></span> <span class='ocrx_word' id='word_1_99' title='bbox 1109 2282 1316 2363; x_wconf 78' lang='lat' dir='ltr'><strong><em>Samnitibus,</em></strong></span> <span class='ocrx_word' id='word_1_100' title='bbox 1339 2282 1390 2347; x_wconf 88' lang='lat' dir='ltr'><strong><em>iu·</em></strong></span> 
     </span>
     <span class='ocr_line' id='line_1_18' title="bbox 180 2392 1391 2481; baseline -0.004 -18"><span class='ocrx_word' id='word_1_101' title='bbox 180 2397 218 2463; x_wconf 83' lang='lat' dir='ltr'><strong><em>ab</em></strong></span> <span class='ocrx_word' id='word_1_102' title='bbox 241 2395 448 2475; x_wconf 79' lang='lat' dir='ltr'><strong><em>Samriitibus,</em></strong></span> <span class='ocrx_word' id='word_1_103' title='bbox 482 2394 625 2479; x_wconf 78' lang='lat' dir='ltr'><strong><em>imipuia</em></strong></span> <span class='ocrx_word' id='word_1_104' title='bbox 647 2392 744 2479; x_wconf 82' lang='lat' dir='ltr'><strong><em>mapi·</em></strong></span> <span class='ocrx_word' id='word_1_105' title='bbox 823 2396 930 2481; x_wconf 81' lang='lat' dir='ltr'><strong><em>sipuia</em></strong></span> <span class='ocrx_word' id='word_1_106' title='bbox 950 2396 988 2461; x_wconf 76' lang='lat' dir='ltr'><strong><em>atr</em></strong></span> <span class='ocrx_word' id='word_1_107' title='bbox 1016 2394 1137 2474; x_wconf 83' lang='lat' dir='ltr'><strong><em>Tuscis,</em></strong></span> <span class='ocrx_word' id='word_1_108' title='bbox 1167 2394 1246 2479; x_wconf 75' lang='lat' dir='ltr'><strong><em>depes</em></strong></span> <span class='ocrx_word' id='word_1_109' title='bbox 1267 2394 1304 2458; x_wconf 88' lang='lat' dir='ltr'><strong><em>de</em></strong></span> <span class='ocrx_word' id='word_1_110' title='bbox 1325 2394 1391 2458; x_wconf 81' lang='lat' dir='ltr'><strong><em>tare</em></strong></span> 
     </span>
     <span class='ocr_line' id='line_1_19' title="bbox 50 2505 1390 2593; baseline -0.001 -20"><span class='ocrx_word' id='word_1_111' title='bbox 50 2520 55 2533; x_wconf 86' lang='lat'>&#39;</span> <span class='ocrx_word' id='word_1_112' title='bbox 177 2514 337 2575; x_wconf 84' lang='lat' dir='ltr'><strong><em>stratuum</em></strong></span> <span class='ocrx_word' id='word_1_113' title='bbox 379 2508 417 2573; x_wconf 82' lang='lat' dir='ltr'><strong><em>atr</em></strong></span> <span class='ocrx_word' id='word_1_114' title='bbox 455 2506 566 2572; x_wconf 85' lang='lat' dir='ltr'><strong><em>Tuscis</em></strong></span> <span class='ocrx_word' id='word_1_115' title='bbox 596 2505 746 2589; x_wconf 77' lang='lat' dir='ltr'><strong><em>pleraque</em></strong></span> <span class='ocrx_word' id='word_1_116' title='bbox 823 2506 967 2593; x_wconf 75' lang='lat' dir='ltr'><strong><em>Iascurpi</em></strong></span> <span class='ocrx_word' id='word_1_117' title='bbox 994 2511 1024 2571; x_wconf 92' lang='lat' dir='ltr'><strong><em>et</em></strong></span> <span class='ocrx_word' id='word_1_118' title='bbox 1057 2505 1180 2571; x_wconf 81' lang='lat' dir='ltr'><strong><em>Satauis</em></strong></span> <span class='ocrx_word' id='word_1_119' title='bbox 1212 2526 1390 2589; x_wconf 86' lang='lat' dir='ltr'><strong><em>sumpsera-</em></strong></span> 
     </span>
     <span class='ocr_line' id='line_1_20' title="bbox 177 2619 1310 2706; baseline -0.002 -19"><span class='ocrx_word' id='word_1_120' title='bbox 177 2627 390 2706; x_wconf 84' lang='lat' dir='ltr'><strong><em>sumpseruut.</em></strong></span> <span class='ocrx_word' id='word_1_121' title='bbox 822 2643 903 2688; x_wconf 85' lang='lat' dir='ltr'><strong><em>mus.</em></strong></span> <span class='ocrx_word' id='word_1_122' title='bbox 947 2621 1089 2705; x_wconf 86' lang='lat' dir='ltr'><strong><em>(Seeck.)</em></strong></span> <span class='ocrx_word' id='word_1_123' title='bbox 1134 2619 1182 2686; x_wconf 86' lang='lat' dir='ltr'><strong><em>Cf.</em></strong></span> <span class='ocrx_word' id='word_1_124' title='bbox 1204 2641 1237 2703; x_wconf 91' lang='lat' dir='ltr'><strong><em>p.</em></strong></span> <span class='ocrx_word' id='word_1_125' title='bbox 1261 2621 1310 2685; x_wconf 74' lang='lat'><strong><em>74.</em></strong></span> 
     </span>
     <span class='ocr_line' id='line_1_21' title="bbox 137 2729 1389 2816; baseline -0.004 -16"><span class='ocrx_word' id='word_1_126' title='bbox 137 2739 224 2815; x_wconf 55' lang='lat' dir='ltr'><strong><em>istd:</em></strong></span> <span class='ocrx_word' id='word_1_127' title='bbox 247 2735 357 2798; x_wconf 70' lang='lat' dir='ltr'><strong><em>bellium</em></strong></span> <span class='ocrx_word' id='word_1_128' title='bbox 370 2755 482 2799; x_wconf 75' lang='lat' dir='ltr'><strong><em>umraui</em></strong></span> <span class='ocrx_word' id='word_1_129' title='bbox 496 2731 668 2815; x_wconf 81' lang='lat' dir='ltr'><strong><em>euaptabat,</em></strong></span> <span class='ocrx_word' id='word_1_130' title='bbox 691 2729 744 2794; x_wconf 85' lang='lat' dir='ltr'><strong><em>ubi</em></strong></span> <span class='ocrx_word' id='word_1_131' title='bbox 781 2736 823 2800; x_wconf 90' lang='lat' dir='ltr'><strong><em>lX</em></strong></span> <span class='ocrx_word' id='word_1_132' title='bbox 835 2737 924 2814; x_wconf 82' lang='grc'>86,1;</span> <span class='ocrx_word' id='word_1_133' title='bbox 940 2732 1044 2798; x_wconf 78' lang='lat' dir='ltr'><strong><em>uirtus</em></strong></span> <span class='ocrx_word' id='word_1_134' title='bbox 1058 2731 1241 2797; x_wconf 76' lang='lat' dir='ltr'><strong><em>durioribus</em></strong></span> <span class='ocrx_word' id='word_1_135' title='bbox 1253 2730 1389 2816; x_wconf 72' lang='lat' dir='ltr'><strong><em>nepotiis</em></strong></span> 
     </span>
     <span class='ocr_line' id='line_1_22' title="bbox 178 2845 973 2928; baseline -0.001 -17"><span class='ocrx_word' id='word_1_136' title='bbox 178 2847 281 2911; x_wconf 72' lang='lat' dir='ltr'><strong><em>curtius</em></strong></span> <span class='ocrx_word' id='word_1_137' title='bbox 296 2845 461 2911; x_wconf 83' lang='lat' dir='ltr'><strong><em>enitescere</em></strong></span> <span class='ocrx_word' id='word_1_138' title='bbox 472 2850 583 2928; x_wconf 84' lang='lat' dir='ltr'><strong><em>posset.</em></strong></span> <span class='ocrx_word' id='word_1_139' title='bbox 604 2847 651 2910; x_wconf 86' lang='lat' dir='ltr'><strong><em>Cf.</em></strong></span> <span class='ocrx_word' id='word_1_140' title='bbox 666 2845 743 2908; x_wconf 87' lang='lat' dir='ltr'><strong><em>Seu.</em></strong></span> <span class='ocrx_word' id='word_1_141' title='bbox 822 2845 973 2910; x_wconf 85' lang='lat' dir='ltr'><strong><em>cuitescit.</em></strong></span> 
     </span>
     <span class='ocr_line' id='line_1_23' title="bbox 179 2959 419 3042; baseline -0.008 -18"><span class='ocrx_word' id='word_1_142' title='bbox 179 2961 220 3024; x_wconf 84' lang='lat' dir='ltr'><strong><em>de</em></strong></span> <span class='ocrx_word' id='word_1_143' title='bbox 241 2979 334 3042; x_wconf 87' lang='lat' dir='ltr'><strong><em>prov.</em></strong></span> <span class='ocrx_word' id='word_1_144' title='bbox 356 2959 419 3036; x_wconf 73' lang='lat' dir='ltr'><strong><em>ts.</em></strong></span> 
     </span>
    </p>
   </div>
   <div class='ocr_carea' id='block_1_3' title="bbox 221 3157 504 3240">
    <p class='ocr_par' dir='ltr' id='par_1_3' title="bbox 221 3157 504 3240">
     <span class='ocr_line' id='line_1_24' title="bbox 221 3157 504 3240; baseline -0.011 -17"><span class='ocrx_word' id='word_1_145' title='bbox 221 3157 271 3223; x_wconf 81' lang='lat' dir='ltr'><strong><em>Ex</em></strong></span> <span class='ocrx_word' id='word_1_146' title='bbox 293 3157 504 3240; x_wconf 82' lang='lat' dir='ltr'><strong><em>Iugurtha:</em></strong></span> 
     </span>
    </p>
   </div>
   <div class='ocr_carea' id='block_1_4' title="bbox 134 3287 1392 4812">
    <p class='ocr_par' dir='ltr' id='par_1_4' title="bbox 135 3287 1392 3598">
     <span class='ocr_line' id='line_1_25' title="bbox 135 3287 1390 3378; baseline -0.002 -20"><span class='ocrx_word' id='word_1_147' title='bbox 135 3297 202 3378; x_wconf 82' lang='lat'><strong>6‚1:</strong></span> <span class='ocrx_word' id='word_1_148' title='bbox 226 3293 343 3358; x_wconf 78' lang='lat' dir='ltr'><strong><em>temam</em></strong></span> <span class='ocrx_word' id='word_1_149' title='bbox 364 3296 457 3374; x_wconf 80' lang='lat' dir='ltr'><strong><em>atque</em></strong></span> <span class='ocrx_word' id='word_1_150' title='bbox 478 3289 557 3354; x_wconf 86' lang='lat' dir='ltr'><strong><em>atius</em></strong></span> <span class='ocrx_word' id='word_1_151' title='bbox 577 3287 663 3372; x_wconf 79' lang='lat' dir='ltr'><strong><em>[cras</em></strong></span> <span class='ocrx_word' id='word_1_152' title='bbox 672 3289 743 3372; x_wconf 84' lang='lat' dir='ltr'><strong><em>pri-</em></strong></span> <span class='ocrx_word' id='word_1_153' title='bbox 781 3293 838 3358; x_wconf 86' lang='lat' dir='ltr'><strong><em>rel.</em></strong></span> <span class='ocrx_word' id='word_1_154' title='bbox 851 3295 917 3370; x_wconf 58' lang='lat'><strong><em>21:</em></strong></span> <span class='ocrx_word' id='word_1_155' title='bbox 932 3312 1034 3374; x_wconf 78' lang='lat' dir='ltr'><strong><em>ueaire</em></strong></span> <span class='ocrx_word' id='word_1_156' title='bbox 1047 3291 1134 3358; x_wconf 83' lang='lat' dir='ltr'><strong><em>euim</em></strong></span> <span class='ocrx_word' id='word_1_157' title='bbox 1149 3290 1242 3357; x_wconf 86' lang='lat' dir='ltr'><strong><em>atiter</em></strong></span> <span class='ocrx_word' id='word_1_158' title='bbox 1258 3289 1390 3373; x_wconf 86' lang='lat' dir='ltr'><strong><em>impera·</em></strong></span> 
     </span>
     <span class='ocr_line' id='line_1_26' title="bbox 177 3399 1392 3487; baseline -0.002 -19"><span class='ocrx_word' id='word_1_159' title='bbox 177 3426 249 3470; x_wconf 90' lang='lat' dir='ltr'><strong><em>mus</em></strong></span> <span class='ocrx_word' id='word_1_160' title='bbox 269 3409 327 3470; x_wconf 87' lang='lat' dir='ltr'><strong><em>aut</em></strong></span> <span class='ocrx_word' id='word_1_161' title='bbox 348 3403 385 3468; x_wconf 88' lang='lat' dir='ltr'><strong><em>iu</em></strong></span> <span class='ocrx_word' id='word_1_162' title='bbox 403 3401 520 3487; x_wconf 82' lang='lat' dir='ltr'><strong><em>primis</em></strong></span> <span class='ocrx_word' id='word_1_163' title='bbox 540 3399 646 3484; x_wconf 78' lang='lat' dir='ltr'><strong><em>ferire.</em></strong></span> <span class='ocrx_word' id='word_1_164' title='bbox 823 3402 941 3468; x_wconf 78' lang='lat' dir='ltr'><strong><em>toritrra</em></strong></span> <span class='ocrx_word' id='word_1_165' title='bbox 963 3453 972 3470; x_wconf 91' lang='lat'>.</span> <span class='ocrx_word' id='word_1_166' title='bbox 995 3453 1034 3472; x_wconf 88' lang='lat'><strong><em>..</em></strong></span> <span class='ocrx_word' id='word_1_167' title='bbox 1065 3403 1155 3468; x_wconf 85' lang='lat' dir='ltr'><strong><em>iuter</em></strong></span> <span class='ocrx_word' id='word_1_168' title='bbox 1180 3402 1304 3487; x_wconf 80' lang='lat' dir='ltr'><strong><em>primas</em></strong></span> <span class='ocrx_word' id='word_1_169' title='bbox 1332 3406 1392 3468; x_wconf 93' lang='lat' dir='ltr'><strong><em>aut</em></strong></span> 
     </span>
     <span class='ocr_line' id='line_1_27' title="bbox 817 3515 1389 3598; baseline -0.002 -19"><span class='ocrx_word' id='word_1_170' title='bbox 817 3515 947 3598; x_wconf 86' lang='lat' dir='ltr'><strong><em>primas</em></strong></span> <span class='ocrx_word' id='word_1_171' title='bbox 966 3535 1169 3580; x_wconf 76' lang='lat' dir='ltr'><strong><em>occrrmerem.</em></strong></span> <span class='ocrx_word' id='word_1_172' title='bbox 1190 3551 1233 3564; x_wconf 89' lang='lat'><strong><em>·-</em></strong></span> <span class='ocrx_word' id='word_1_173' title='bbox 1248 3516 1298 3580; x_wconf 81' lang='lat' dir='ltr'><strong><em>cf.</em></strong></span> <span class='ocrx_word' id='word_1_174' title='bbox 1312 3535 1389 3597; x_wconf 83' lang='lat' dir='ltr'><strong><em>pan.</em></strong></span> 
     </span>
    </p>

    <p class='ocr_par' dir='ltr' id='par_1_5' title="bbox 822 3625 1391 3710">
     <span class='ocr_line' id='line_1_28' title="bbox 822 3625 1391 3710; baseline -0.009 -16"><span class='ocrx_word' id='word_1_175' title='bbox 822 3629 879 3694; x_wconf 84' lang='lat' dir='ltr'><strong><em>XII</em></strong></span> <span class='ocrx_word' id='word_1_176' title='bbox 901 3649 933 3710; x_wconf 92' lang='lat' dir='ltr'><strong><em>p.</em></strong></span> <span class='ocrx_word' id='word_1_177' title='bbox 957 3629 1090 3709; x_wconf 67' lang='lat'>280‚10:</span> <span class='ocrx_word' id='word_1_178' title='bbox 1134 3625 1215 3710; x_wconf 76' lang='lat' dir='ltr'><strong><em>quia</em></strong></span> <span class='ocrx_word' id='word_1_179' title='bbox 1247 3625 1391 3690; x_wconf 87' lang='lat' dir='ltr'><strong><em>amuiam</em></strong></span> 
     </span>
    </p>

    <p class='ocr_par' dir='ltr' id='par_1_6' title="bbox 821 3739 1391 3832">
     <span class='ocr_line' id='line_1_29' title="bbox 821 3739 1391 3832; baseline -0.005 -27"><span class='ocrx_word' id='word_1_180' title='bbox 821 3739 1031 3806; x_wconf 78' lang='lat' dir='ltr'><strong><em>castrensium</em></strong></span> <span class='ocrx_word' id='word_1_181' title='bbox 1051 3759 1222 3832; x_wconf 80' lang='lat' dir='ltr'><strong><em>umuerum</em></strong></span> <span class='ocrx_word' id='word_1_182' title='bbox 1242 3758 1391 3804; x_wconf 79' lang='lat' dir='ltr'><strong><em>uumerus</em></strong></span> 
     </span>
    </p>

    <p class='ocr_par' dir='ltr' id='par_1_7' title="bbox 815 3849 1389 3936">
     <span class='ocr_line' id='line_1_30' title="bbox 815 3849 1389 3936; baseline -0.003 -20"><span class='ocrx_word' id='word_1_183' title='bbox 815 3851 944 3936; x_wconf 84' lang='lat' dir='ltr'><strong><em>primus</em></strong></span> <span class='ocrx_word' id='word_1_184' title='bbox 971 3855 1030 3916; x_wconf 90' lang='lat' dir='ltr'><strong><em>aut</em></strong></span> <span class='ocrx_word' id='word_1_185' title='bbox 1051 3871 1123 3915; x_wconf 91' lang='lat' dir='ltr'><strong><em>cum</em></strong></span> <span class='ocrx_word' id='word_1_186' title='bbox 1142 3849 1261 3934; x_wconf 80' lang='lat' dir='ltr'><strong><em>primis</em></strong></span> <span class='ocrx_word' id='word_1_187' title='bbox 1282 3849 1389 3915; x_wconf 83' lang='lat' dir='ltr'><strong><em>otrires.</em></strong></span> 
     </span>
    </p>

    <p class='ocr_par' dir='ltr' id='par_1_8' title="bbox 1223 3963 1389 4045">
     <span class='ocr_line' id='line_1_31' title="bbox 1223 3963 1389 4045; baseline 0.006 -19"><span class='ocrx_word' id='word_1_188' title='bbox 1223 3963 1389 4045; x_wconf 71' lang='lat' dir='ltr'><strong><em>(luceius.)</em></strong></span> 
     </span>
    </p>

    <p class='ocr_par' dir='ltr' id='par_1_9' title="bbox 134 4068 1391 4382">
     <span class='ocr_line' id='line_1_32' title="bbox 134 4068 1391 4153; baseline -0.002 -13"><span class='ocrx_word' id='word_1_189' title='bbox 134 4075 201 4152; x_wconf 59' lang='lat'><strong><em>92:</em></strong></span> <span class='ocrx_word' id='word_1_190' title='bbox 239 4071 297 4136; x_wconf 88' lang='lat' dir='ltr'><strong><em>Eu</em></strong></span> <span class='ocrx_word' id='word_1_191' title='bbox 319 4070 410 4136; x_wconf 79' lang='lat' dir='ltr'><strong><em>tratres</em></strong></span> <span class='ocrx_word' id='word_1_192' title='bbox 430 4071 536 4135; x_wconf 79' lang='lat' dir='ltr'><strong><em>uimim</em></strong></span> <span class='ocrx_word' id='word_1_193' title='bbox 558 4068 692 4153; x_wconf 81' lang='lat' dir='ltr'><strong><em>dipuum</em></strong></span> <span class='ocrx_word' id='word_1_194' title='bbox 716 4072 744 4132; x_wconf 81' lang='lat' dir='ltr'><strong><em>te</em></strong></span> <span class='ocrx_word' id='word_1_195' title='bbox 778 4072 1391 4152; x_wconf 69' lang='lat' dir='ltr'><strong><em>IV24‚1:eutautiumauumeutis</em></strong></span> 
     </span>
     <span class='ocr_line' id='line_1_33' title="bbox 176 4180 1389 4268; baseline -0.001 -18"><span class='ocrx_word' id='word_1_196' title='bbox 176 4189 269 4267; x_wconf 79' lang='lat' dir='ltr'><strong><em>atquc</em></strong></span> <span class='ocrx_word' id='word_1_197' title='bbox 289 4204 347 4250; x_wconf 88' lang='lat' dir='ltr'><strong><em>auo</em></strong></span> <span class='ocrx_word' id='word_1_198' title='bbox 368 4204 424 4248; x_wconf 86' lang='lat' dir='ltr'><strong><em>sua</em></strong></span> <span class='ocrx_word' id='word_1_199' title='bbox 447 4180 647 4248; x_wconf 76' lang='lat' dir='ltr'><strong><em>Massinissa.</em></strong></span> <span class='ocrx_word' id='word_1_200' title='bbox 821 4184 1096 4252; x_wconf 81' lang='lat' dir='ltr'><strong><em>Sallustiauis</em></strong></span> <span class='ocrx_word' id='word_1_201' title='bbox 1138 4183 1291 4268; x_wconf 73' lang='lat' dir='ltr'><strong><em>Africaui</em></strong></span> <span class='ocrx_word' id='word_1_202' title='bbox 1338 4183 1389 4249; x_wconf 81' lang='lat' dir='ltr'><strong><em>tit-</em></strong></span> 
     </span>
     <span class='ocr_line' id='line_1_34' title="bbox 821 4295 1388 4382; baseline -0.002 -19"><span class='ocrx_word' id='word_1_203' title='bbox 821 4303 914 4378; x_wconf 72' lang='lat' dir='ltr'><strong><em>teraa</em></strong></span> <span class='ocrx_word' id='word_1_204' title='bbox 936 4318 1015 4380; x_wconf 76' lang='lat' dir='ltr'><strong><em>arias</em></strong></span> <span class='ocrx_word' id='word_1_205' title='bbox 1035 4296 1198 4382; x_wconf 75' lang='lat' dir='ltr'><strong><em>ticpruttra</em></strong></span> <span class='ocrx_word' id='word_1_206' title='bbox 1213 4301 1287 4381; x_wconf 89' lang='lat' dir='ltr'><strong><em>past</em></strong></span> <span class='ocrx_word' id='word_1_207' title='bbox 1307 4295 1388 4362; x_wconf 79' lang='lat' dir='ltr'><strong><em>euci-</em></strong></span> 
     </span>
    </p>

    <p class='ocr_par' dir='ltr' id='par_1_10' title="bbox 820 4408 1390 4475">
     <span class='ocr_line' id='line_1_35' title="bbox 820 4408 1390 4475; baseline 0 -1"><span class='ocrx_word' id='word_1_208' title='bbox 820 4409 911 4475; x_wconf 88' lang='lat' dir='ltr'><strong><em>dium</em></strong></span> <span class='ocrx_word' id='word_1_209' title='bbox 947 4408 1191 4475; x_wconf 88' lang='lat' dir='ltr'><strong><em>Namautiuum</em></strong></span> <span class='ocrx_word' id='word_1_210' title='bbox 1223 4413 1313 4474; x_wconf 80' lang='lat' dir='ltr'><strong><em>testes</em></strong></span> <span class='ocrx_word' id='word_1_211' title='bbox 1348 4409 1390 4474; x_wconf 89' lang='lat' dir='ltr'><strong><em>ad</em></strong></span> 
     </span>
    </p>

    <p class='ocr_par' dir='ltr' id='par_1_11' title="bbox 823 4518 1388 4605">
     <span class='ocr_line' id='line_1_36' title="bbox 823 4518 1388 4605; baseline 0 -19"><span class='ocrx_word' id='word_1_212' title='bbox 823 4521 991 4605; x_wconf 76' lang='lat' dir='ltr'><strong><em>Micipsam</em></strong></span> <span class='ocrx_word' id='word_1_213' title='bbox 1003 4521 1121 4587; x_wconf 83' lang='lat' dir='ltr'><strong><em>decoris</em></strong></span> <span class='ocrx_word' id='word_1_214' title='bbox 1131 4518 1184 4587; x_wconf 87' lang='lat' dir='ltr'><strong><em>sui</em></strong></span> <span class='ocrx_word' id='word_1_215' title='bbox 1191 4518 1325 4605; x_wconf 69' lang='lat' dir='ltr'><strong><em>peracta</em></strong></span> <span class='ocrx_word' id='word_1_216' title='bbox 1337 4568 1344 4584; x_wconf 92' lang='lat'><strong>.</strong></span> <span class='ocrx_word' id='word_1_217' title='bbox 1358 4571 1365 4586; x_wconf 94' lang='lat'><strong>.</strong></span> <span class='ocrx_word' id='word_1_218' title='bbox 1380 4571 1388 4586; x_wconf 90' lang='lat'><strong>.</strong></span> 
     </span>
    </p>

    <p class='ocr_par' dir='ltr' id='par_1_12' title="bbox 820 4631 1389 4718">
     <span class='ocr_line' id='line_1_37' title="bbox 820 4631 1389 4718; baseline -0.004 -19"><span class='ocrx_word' id='word_1_219' title='bbox 820 4635 866 4718; x_wconf 69' lang='lat' dir='ltr'><strong><em>(t)</em></strong></span> <span class='ocrx_word' id='word_1_220' title='bbox 890 4638 920 4698; x_wconf 88' lang='lat' dir='ltr'><strong><em>et</em></strong></span> <span class='ocrx_word' id='word_1_221' title='bbox 940 4631 1032 4700; x_wconf 83' lang='lat' dir='ltr'><strong><em>idum</em></strong></span> <span class='ocrx_word' id='word_1_222' title='bbox 1052 4633 1179 4716; x_wconf 77' lang='lat' dir='ltr'><strong><em>quidem</em></strong></span> <span class='ocrx_word' id='word_1_223' title='bbox 1195 4631 1300 4716; x_wconf 79' lang='lat' dir='ltr'><strong><em>Scipio</em></strong></span> <span class='ocrx_word' id='word_1_224' title='bbox 1321 4631 1389 4718; x_wconf 76' lang='lat' dir='ltr'><strong><em>repi</em></strong></span> 
     </span>
    </p>

    <p class='ocr_par' dir='ltr' id='par_1_13' title="bbox 822 4743 1387 4812">
     <span class='ocr_line' id='line_1_38' title="bbox 822 4743 1387 4812; baseline 0.005 -4"><span class='ocrx_word' id='word_1_225' title='bbox 822 4745 983 4810; x_wconf 82' lang='lat' dir='ltr'><strong><em>Numidae</em></strong></span> <span class='ocrx_word' id='word_1_226' title='bbox 1015 4745 1119 4812; x_wconf 52' lang='lat' dir='ltr'><strong><em>‘aderis</em></strong></span> <span class='ocrx_word' id='word_1_227' title='bbox 1155 4743 1323 4809; x_wconf 77' lang='lat' dir='ltr'><strong><em>reddidit.</em></strong></span> <span class='ocrx_word' id='word_1_228' title='bbox 1349 4796 1387 4811; x_wconf 89' lang='lat'><strong><em>..</em></strong></span> 
     </span>
    </p>
   </div>
   <div class='ocr_carea' id='block_1_5' title="bbox 0 0 1734 5200">
    <p class='ocr_par' dir='ltr' id='par_1_14' title="bbox 0 0 1734 5200">
     <span class='ocr_line' id='line_1_39' title="bbox 0 0 1734 5200; baseline 0 0"><span class='ocrx_word' id='word_1_229' title='bbox 0 0 1734 5200; x_wconf 95' lang='lat' dir='ltr'><strong><em> </em></strong></span> 
     </span>
    </p>
   </div>
  </div>
 </body>
</html>
