3459 5200
986 494 1029 558 96

395 689 589 774 sulerentur,
620 712 693 755 veru
723 692 860 754 dicturis.
895 708 1027 754 arcuere
1059 709 1116 755 eos
1147 687 1251 754 intimi
1282 692 1454 755 arndeonem
1484 688 1618 772 Vitellii,

393 801 438 863 ita
455 801 601 882 formetis
621 800 771 881 princip-is
794 797 932 878 eruribus,
955 805 989 860 ut
1011 819 1119 880 aspere
1144 818 1222 880 qnae
1248 799 1346 876 atilio,
1373 818 1429 861 nee
1455 799 1617 880 quicquum

394 909 456 970 nisi
477 907 644 970 iurandum
667 913 695 968 et
718 906 873 970 laesura-m
895 907 1052 988 noroberet.

484 1048 515 1112 S.
542 1045 583 1112 de
602 1046 705 1112 benef.
726 1047 770 1110 Vl
786 1049 838 1112 30.
855 1049 956 1112 3-6:
972 1047 1079 1111 omnia
1094 1067 1174 1112 sane
1188 1045 1362 1111 excluserit
1376 1046 1529 1131 opulenta
1548 1047 1619 1112 leli-

395 1155 486 1238 citas,
510 1155 695 1220 monstrabo
720 1153 785 1236 tibi,
818 1153 908 1219 euius
937 1153 983 1218 rei
1012 1151 1123 1238 inopia
1150 1153 1297 1218 laborent
1325 1173 1445 1235 magna
1473 1153 1616 1238 fastigia,

397 1262 472 1346 quid
498 1261 602 1326 omnin
629 1261 872 1346 possidentibus
897 1261 995 1326 desit:
1013 1261 1137 1326 seilicet
1151 1260 1214 1345 ille,
1230 1259 1284 1343 qui
1299 1283 1406 1325 uerum
1421 1263 1503 1325 dieat
1516 1267 1548 1325 et
1562 1260 1618 1326 bo·

394 1369 509 1434 minem
535 1369 617 1434 inter·
641 1369 832 1435 mentientes
857 1375 1037 1454 stupentem
1061 1373 1186 1452 ipsaque
1209 1370 1425 1432 consuetudine
1442 1389 1504 1452 pro
1526 1373 1618 1432 rectis

393 1479 505 1541 blundo
533 1479 678 1542 audiendi
705 1479 747 1541 ud
779 1479 983 1558 miserantium
1016 1478 1080 1539 reri
1106 1477 1289 1559 perduellem
1316 1473 1460 1539 vindieel
1491 1495 1512 1538 a
1543 1495 1618 1539 eon—

394 1603 489 1648 sensu
522 1589 742 1666 eoneentnqne
776 1582 938 1650 falsorum.
967 1603 1031 1646 non
1063 1581 1164 1666 videa,
1194 1580 1462 1666 quemadmodum
1488 1581 1561 1647 illos
1585 1583 1618 1647 in

291 1747 294 1752 ,
392 1710 550 1774 praeeeps
573 1697 652 1773 agat
676 1691 818 1755 extincta
842 1690 975 1756 libertas
1000 1696 1032 1756 et
1055 1689 1136 1755 lides
1156 1689 1188 1753 in
1205 1688 1393 1771 obsequium
1409 1688 1527 1755 servile
1543 1691 1618 1754 sub-

393 1797 514 1864 missa?
561 1797 634 1862 dum
664 1818 756 1863 nemo
787 1817 826 1862 en
850 1798 948 1861 animi
972 1798 1020 1862 sui
1045 1797 1207 1862 sententia
1230 1795 1346 1862 suadet
1375 1794 1618 1879 dissuadetque,

394 1903 452 1969 sed
476 1903 631 1969 adulandi
655 1911 817 1970 certamen
842 1912 893 1969 est
916 1913 948 1968 et
976 1925 1070 1968 riuum
1099 1908 1268 1969 aratrorum
1298 1903 1438 1968 omnium
1467 1903 1618 1986 elfieium,

394 2032 457 2075 rura
481 2012 650 2093 eontentio,
675 2011 746 2094 quis
771 2011 983 2076 blandissime
1008 2009 1109 2092 fallat,
1134 2011 1326 2092 ignoravere
1349 2011 1435 2075 vires
1463 2031 1549 2094 suas,

393 2118 561 2182 multorum
594 2117 783 2200 stinguinem
819 2117 994 2183 hauserunt
1027 2117 1127 2181 fusuri
1159 2117 1333 2182 novissime
1366 2138 1466 2200 suum,
1557 2138 1617 2182 nee

393 2226 618 2290 intellexerunt
641 2226 673 2289 in
698 2225 754 2289 illa
779 2245 898 2290 scaena
921 2225 1015 2290 ranis
1047 2232 1079 2289 et
1108 2225 1171 2288 eito
1200 2223 1419 2289 diffluentibus
1448 2226 1540 2291 bonis
1569 2247 1617 2291 re·

393 2330 536 2414 fulgente
561 2353 600 2398 er
625 2353 662 2397 eo
681 2339 824 2416 ternpore
840 2333 930 2416 ipsos
945 2331 1025 2396 nihil
1040 2352 1103 2396 non
1120 2329 1250 2398 adversi
1266 2338 1438 2415 expectare
1452 2331 1616 2415 debuisse,

393 2459 518 2522 exque
542 2441 618 2503 bibit
639 2445 704 2506 sert
728 2442 838 2504 audire
860 2446 1043 2523 potuerunt,

479 2690 517 2755 T.
547 2690 629 2756 Hist.
657 2690 770 2756 lVli.
794 2692 829 2755 l:
855 2689 1005 2773 abrogati
1035 2689 1119 2773 iude,
1142 2688 1249 2772 legem
1272 2689 1395 2755 ferente
1419 2688 1614 2771 Domitiano,

390 2796 577 2862 consulatus
614 2816 695 2879 quos
728 2796 876 2861 Vitellius
909 2796 1059 2879 dederat,
1098 2797 1257 2880 funusque
1289 2796 1469 2862 censorium
1500 2795 1615 2859 Flauio
1710 2867 1711 2870 Ἴ

391 2903 512 2968 Sabino
536 2902 674 2987 ductum,
699 2924 817 2987 magna
841 2902 1033 2969 documenta
1056 2905 1206 2968 laetabilis
1222 2909 1373 2987 serta-rme
1390 2926 1568 2988 septimaque
1588 2914 1616 2969 et

392 3016 457 3075 inea
480 3014 642 3075 rrrieeenlia

480 3155 511 3219 S.
530 3160 596 3220 nat.
618 3160 741 3236 quaest.
757 3153 803 3217 lll
824 3153 925 3238 prael.
950 3157 1048 3236 leq:
1073 3153 1201 3230 Quanto
1226 3154 1330 3219 satius
1358 3160 1474 3219 est
1498 3152 1616 3219 dooere
1710 3221 1711 3234 ,

391 3282 456 3347 eos,
481 3262 535 3345 qui
559 3282 618 3326 sna
642 3259 817 3345 permisere
833 3266 991 3345 fortunae,
1013 3265 1089 3325 relisit
1106 3264 1212 3326 stabile
1233 3262 1274 3326 ab
1296 3261 1353 3324 illa
1373 3260 1485 3325 datram
1504 3260 1615 3345 fnisse,

391 3368 461 3434 eius
485 3369 592 3433 omnia
616 3388 695 3432 arna
718 3366 817 3432 fluere
841 3368 1013 3433 mobilius?
1037 3370 1142 3434 nescit
1170 3369 1255 3435 enim
1283 3368 1464 3451 quiescere,
1493 3368 1615 3450 gaudet
1710 3413 1711 3428 .

391 3474 487 3540 laetis
516 3475 621 3540 tristia
650 3474 852 3558 substituere,
881 3475 991 3557 utique
1021 3479 1155 3541 trabeae.
1204 3476 1313 3559 itaque
1342 3474 1493 3541 secundis
1521 3496 1614 3540 nemo

390 3580 540 3665 confidat,
564 3580 711 3647 adversis
735 3602 828 3646 nemo
851 3580 997 3646 deficiat:
1022 3582 1167 3647 alternae
1191 3588 1265 3647 sunt
1282 3583 1370 3648 viees
1394 3602 1508 3647 rerum.
1536 3582 1614 3665 quid
1710 3605 1711 3648 ῖ

390 3688 557 3755 exsultas?
581 3688 671 3772 liaeo,
696 3689 811 3771 quibus
835 3688 963 3755 veheris
987 3688 1031 3754 ad
1054 3712 1219 3771 arrianum,
1244 3690 1351 3755 neseis
1379 3688 1434 3753 nbi
1461 3695 1493 3755 te
1522 3689 1614 3756 relie-
1710 3695 1711 3706 ¹

389 3801 460 3860 tura
484 3796 563 3863 sint:
588 3795 752 3861 habebunt
775 3817 875 3881 sunm,
899 3818 963 3862 non
986 3802 1075 3862 tuum
1097 3796 1203 3865 finem.
1228 3797 1306 3880 quid
1325 3797 1436 3862 iaces?
1460 3795 1503 3861 ad
1516 3801 1614 3864 irrrrnn

390 3902 518 3968 delatus
543 3924 592 3969 es:
617 3923 700 3969 nune
723 3904 814 3969 loeus
839 3910 889 3969 est
912 3903 1111 3987 resurgendi.
1137 3905 1170 3969 in
1192 3903 1307 3969 melius
1331 3903 1479 3989 adversa,
1502 3904 1535 3968 in
1560 3905 1614 3970 de·
1710 3931 1711 3936 ¹

389 4012 489 4077 terius
522 4020 636 4097 optata
668 4010 848 4079 fleetuntur.
876 4012 936 4095 Ep.
961 4015 1013 4079 44.
1038 4015 1075 4077 4:
1106 4011 1222 4077 Omnia
1254 4012 1318 4078 ista
1346 4011 1446 4095 longa
1470 4014 1613 4080 varietas

389 4122 510 4183 priserit
534 4125 566 4183 et
590 4138 714 4187 sursum
735 4117 885 4183 deorsum
892 4125 1028 4203 fortuna
1042 4119 1192 4185 versavit.
1210 4118 1251 4185 de
1265 4120 1352 4185 brev.
1368 4119 1456 4186 ritae
1470 4120 1561 4184 XVIl
1577 4124 1611 4185 4:
1710 4105 1711 4192 l

388 4226 530 4289 Maxima
563 4245 710 4308 quaeque
743 4227 827 4290 bona
860 4225 1001 4291 sollicita
1034 4234 1116 4311 sunt,
1149 4246 1209 4291 nee
1241 4225 1299 4290 ulli
1326 4232 1477 4310 seruatae
1507 4228 1612 4293 minus

388 4332 470 4398 bene
502 4353 599 4416 quam
632 4332 773 4417 optimae
803 4332 952 4397 ereditur.
1050 4353 1143 4399 omne
1171 4333 1257 4399 enim
1287 4332 1374 4416 quud
1395 4338 1530 4417 sor-tulto
1558 4335 1611 4400 ob·

388 4439 476 4504 venit
498 4440 638 4505 instabile
661 4445 719 4523 est,
743 4458 871 4523 quoque
894 4439 992 4507 altius
1016 4441 1163 4525 surrexit,
1196 4440 1407 4525 opportunius
1430 4442 1537 4506 estin
1560 4462 1610 4507 oe·

389 4566 510 4613 easurn.
534 4547 592 4631 Ep.
618 4550 671 4613 91.
698 4549 753 4613 15:
779 4547 861 4613 sciat
884 4546 964 4611 nihil
987 4546 1136 4613 inausum
1160 4568 1234 4613 esse
1250 4553 1409 4632 fortunae.
1500 4548 1561 4615 sed
1583 4549 1609 4613 si

388 4654 469 4719 base
492 4676 628 4720 surianos
649 4658 785 4739 troesque
807 4655 989 4722 necessitas
1013 4655 1147 4740 adligat,
1171 4655 1203 4720 in
1227 4656 1366 4739 gratiam
1386 4675 1458 4721 enm
1477 4655 1545 4721 lato
1564 4677 1609 4722 re·

390 4768 525 4829 vertere.
554 4768 618 4826 nat.
648 4770 771 4844 quaest,
799 4764 843 4829 lV
872 4763 976 4848 praef.
1011 4766 1068 4829 22:
1098 4784 1138 4827 ex
1171 4783 1234 4846 quo
1266 4762 1389 4845 liquere
1420 4763 1608 4829 mortalibus
