3459 5200
953 483 992 547 72

396 695 533 776 (Speng.
557 695 582 758 11
605 693 678 771 744,
697 695 730 774 1)
753 693 843 775 opud
864 692 936 756 eius
961 692 1161 758 scholiastes
1185 711 1255 757 non
1277 713 1355 758 raro
1378 696 1565 777 deprehen·

398 797 502 872 ditu1·;
532 798 570 860 cf.
595 797 636 860 Vl
663 818 694 878 p.
717 797 791 874 491,
818 797 855 860 15
886 817 957 878 sqq.
988 796 1227 878 9114ῶ,74.1)
1272 797 1429 864 Ceterum
1452 800 1567 864 rheto-

398 921 472 966 rum
494 901 534 964 de
551 904 727 979 commate,
751 901 835 977 colo,
858 899 999 981 periodo
1022 905 1203 983 praecepta
1217 906 1250 966 et
1266 902 1354 966 inter
1369 925 1406 968 se
1421 903 1567 968 maxime

397 1006 578 1081 variantur,
612 1023 730 1086 neque,
765 1023 840 1068 cum
873 1003 1128 1068 fundamentum
1162 1005 1386 1070 distribuendi
1419 1007 1568 1089 syllabis,

398 1129 467 1173 non
500 1107 707 1189 temporibus
741 1107 969 1185 contineatur,
1006 1107 1049 1172 ad
1087 1127 1157 1172 rem
1192 1109 1367 1174 metricam
1401 1115 1568 1191 spectant.

398 1213 507 1276 Unum
530 1215 662 1275 tantum
684 1211 794 1274 locum
817 1210 998 1292 proferam,
1021 1229 1121 1292 quem
1142 1212 1232 1276 unde
1250 1211 1406 1293 petiverit
1422 1211 1569 1278 Ioannes

401 1316 559 1380 Siceliotu
591 1315 643 1378 vel
678 1314 749 1378 eius
778 1319 896 1378 auctor
934 1313 1061 1378 nescio.
1112 1315 1290 1380 Enarratio
1322 1337 1344 1380 a
1375 1317 1504 1382 Walzio
1528 1318 1571 1381 Vl

404 1420 473 1496 177,
500 1419 537 1482 13
561 1439 634 1501 sqq.
658 1419 873 1500 neglegenter
894 1417 1063 1500 descripta
1086 1417 1134 1481 sic
1157 1419 1369 1484 emendanda
1390 1425 1457 1484 est:

484 1519 597 1586 Κῶλον
620 1519 718 1586 τοίνυν
740 1523 795 1584 καὶ
817 1518 926 1605 κόμμα
951 1520 1007 1583 καί
1034 1519 1139 1604 στίχος
1164 1518 1251 1604 παροὶ
1282 1523 1337 1606 μὲν
1364 1531 1427 1598 τοῖς
1458 1521 1571 1607 ῥυθμι-

400 1633 466 1702 νιοῖς
494 1626 529 1707 (1)
563 1625 606 1710 τῷ
640 1623 741 1710 μέτρῳ
774 1630 829 1707 τῆς
861 1619 1034 1707 ποσότητος
1061 1621 1197 1707 ὥρισται.
1227 1624 1334 1709 στίχος
1360 1624 1422 1711 γὰρ
1443 1625 1573 1711 λέγετοιι

401 1729 435 1793 τὸ
458 1726 520 1793 ἀπὸ
544 1727 576 1807 ἓξ
600 1727 788 1812 συνεστηκὸς
811 1727 971 1812 συζυγιῶν,
995 1727 1022 1791 εἰ
1043 1724 1248 1814 τρισύλλαβος
1269 1729 1318 1812 εἴη
1350 1725 1368 1791 ό
1395 1727 1472 1806 πούς
1494 1721 1511 1793 ὁ
1534 1730 1571 1794 τό

403 1832 512 1918 μέτρον
533 1834 588 1896 καί
604 1829 655 1898 τὸν
674 1830 780 1916 στίχον
795 1830 975 1914 ποδίζυν·’)
992 1829 1219 1913 ἐπέλαττον-δὲ,
1234 1831 1332 1916 τριῶν,
1349 1832 1377 1896 εἰ
1391 1828 1576 1918 δισύλλαβοι

401 1938 510 2021 εἴησαν
533 1935 562 1999 οί
582 1933 685 2018 πόδες,
709 1932 750 2012 ῶς
772 1935 822 1998 ἐπὶ
845 1933 991 2021 ἰαμβικοῦ
1013 1936 1069 1998 καὶ
1092 1934 1265 2019 τροχαίοιοῶ
1292 1937 1347 1999 καὶ
1370 1935 1493 2001 ίωνιοισῡ
1516 1938 1575 1999 καὶ

404 2038 613 2124 χοριαμβικοῡ
640 2039 694 2100 καὶ
715 2042 776 2102 τῶν
797 2035 902 2100 ἄλλων
923 2037 1020 2121 χωρὶς
1047 2041 1102 2101 τοῦ
1130 2037 1240 2100 ἐποιοῦ
1268 2037 1323 2100 καί
1349 2038 1405 2102 τοῦ
1430 2037 1578 2104 οιίολυιοῶ

404 2143 459 2205 καί
487 2142 546 2206 τῶν
576 2139 664 2205 εἰδῶν
693 2131 802 2205 αὐτῶν.
832 2132 916 2224 ἀφ’ί)
948 2139 981 2218 ἓξ
1015 2140 1070 2226 μὲν
1101 2137 1166 2204 τόν
1196 2138 1226 2204 δ’
1260 2138 1579 2228 ἀπαμειβόμενος

403 2245 581 2330 προσέφη
602 2241 722 2320 πόδας
737 2244 792 2306 καί
806 2240 845 2307 τοὶ
861 2242 973 2328 ἑξῆςί)
989 2241 1052 2307 ἀπὸ
1067 2242 1158 2308 πέντε
1174 2243 1267 2330 μέχρι
1281 2245 1336 2308 τοῦ
1350 2238 1578 2329 ῶιιύς<Ἀ>5)·

405 2347 466 2412 αἰπό
489 2343 647 2433 τεσσοίριον
669 2348 705 2412 δὲ
728 2347 819 2433 μέχρι
841 2347 896 2412 τοῦ
917 2344 1049 2424 πόδας·
1073 2339 1136 2411 ἀπὸ
1157 2350 1247 2431 τριῶν
1267 2347 1318 2412 δέ·
1341 2345 1404 2412 τόν
1426 2346 1453 2412 δ’
1476 2346 1579 2414 ἀπα-

404 2450 637 2538 μειβόμενος
656 2449 907 2535 προσί[ιρη].ί)
926 2449 976 2514 ἐπί
991 2451 1027 2513 δὲ
1045 2450 1190 2537 ίαμβιοιοῦ
1208 2448 1296 2528 ῶςτό
1312 2451 1458 2537 καθαρὸν
1471 2454 1581 2538 τρίμε-

405 2577 485 2641 τρον.
519 2552 554 2619 τό
583 2555 618 2619 δὲ
646 2552 882 2639 ἔλαττον<ὂν>7)
909 2559 970 2619 τῶν
1003 2552 1102 2638 τριῶν,
1132 2555 1159 2620 εἰ
1187 2556 1242 2640 μὲν
1267 2554 1388 2633 τελείας
1420 2556 1487 2642 ἔχει
1520 2555 1583 2636 τοὶς

405 2658 559 2743 συζυγίας,
582 2658 685 2723 κῶλον
703 2656 827 2743 λέγεται
845 2650 886 2733 ῶς
908 2654 943 2721 τὸ
965 2649 1102 2741 ἡρῶον
1131 2651 1291 2741 αό[τούς
1318 2659 1379 2741 δὲ]
1403 2658 1523 2737 ἐστινῧ)
1548 2662 1583 2724 εἰ

405 2764 440 2826 δὲ
463 2758 517 2848 μή,
540 2759 688 2847 κόμμαί)
703 2811 709 2825 .
724 2810 752 2825 ..
777 2758 881 2825 οὐκέτι
903 2758 1101 2846 μονόμετρον·
1128 2758 1247 2846 τὸγὰρ
1277 2760 1462 2827 δακτυλωτὸν
1483 2761 1583 2847 μονό·
1709 2842 1711 2845 Α

405 2886 515 2950 μετρον
538 2858 598 2928 οὐν
619 2864 694 2949 ἔχει.

491 2970 541 3033 Ex
563 2968 711 3033 metricis
735 2967 848 3033 latinis
871 2969 970 3049 longe
999 2966 1156 3048 plurime,
1185 2971 1223 3031 ut
1252 2968 1352 3046 solet,
1381 2968 1582 3036 Victorinus

406 3083 450 3156 (p.
466 3074 517 3152 53,
534 3073 670 3151 itt-56,
689 3072 740 3154 14)
762 3071 911 3153 praebet
934 3070 1024 3152 apud
1046 3090 1145 3152 quem
1167 3070 1378 3135 diversorum
1399 3075 1583 3139 auctorum

406 3176 530 3260 placita
553 3175 695 3239 confuso
715 3178 814 3256 atque
836 3173 1003 3257 permixta
1025 3178 1113 3237 sunt.
1161 3172 1254 3237 Idem
1281 3178 1412 3253 auctor,
1438 3196 1480 3240 ex
1508 3197 1586 3259 quo

406 3278 620 3362 Aphthonius
644 3298 675 3360 p.
699 3279 750 3357 54,
773 3278 879 3341 8-16
902 3276 1076 3341 enuntiata
1106 3277 1189 3355 „erit
1218 3278 1329 3360 itaque
1357 3280 1477 3343 colon“
1499 3300 1585 3365 sqq.

407 3384 533 3467 petivit,
567 3382 716 3464 perlucet
750 3381 785 3444 in
808 3380 1040 3445 Fortunatiuni
1063 3380 1173 3445 verbis
1202 3401 1233 3463 p.
1263 3383 1586 3461 υ81,ι)7-183,3.
1709 3426 1711 3471 3

496 3590 567 3659 ι)υ1’.
588 3588 671 3642 etiam
689 3588 744 3640 loa.
763 3588 854 3641 Τροία.
874 3587 891 3641 Ι.
912 3606 933 3640 c.
952 3605 977 3655 p.
997 3588 1057 3650 316,
1079 3588 1111 3640 10
1128 3603 1190 3655 sqq.
1709 3634 1711 3661 Ι

493 3673 883 3746 ¹)cr.Ru.gr.V1168‚27
907 3678 1010 3742 εἴρηται
1032 3673 1094 3742 γοὶρ,
1122 3671 1158 3737 ῶς
1181 3675 1228 3726 eutr
1252 3677 1293 3741 είη
1316 3675 1383 3738 ποδς
1403 3675 1587 3744 τρισύλλαβος

408 3770 516 3834 συζυγία
533 3768 648 3832 λέγεται.
1048 3771 1052 3777 ‘
1709 3742 1711 3771 ¹

495 3852 516 3921 ι)
533 3846 577 3917 ἀφ’
599 3851 703 3919 scripsi,
723 3847 761 3917 ἐφ’
784 3851 844 3904 cod.

494 3940 517 4010 ⁴)
535 3940 639 3993 Eodem
659 3936 786 4007 exemplo
804 3938 845 3991 usi
866 3943 930 3992 sunt
948 3938 994 3992 alii
1014 3951 1125 4006 quoque
1144 3938 1220 3991 velut
1238 3938 1326 3992 schol.
1344 3938 1434 4006 Heph.
1452 3952 1471 3987 α
1488 3956 1517 4007 μ.
1532 3942 1584 3995 141

409 4030 444 4083 ud
463 4029 504 4091 47,
523 4029 563 4097 10,
582 4042 701 4095 quocum
720 4027 847 4079 conteras
866 4026 918 4079 Rh.
938 4042 976 4093 gr.
997 4025 1169 4088 11143777.

496 4116 517 4185 ο)
531 4110 565 4167 Ἀ
584 4113 684 4167 addidi.

497 4202 518 4272 ο)
536 4218 573 4269 φη
593 4201 699 4255 uncinis
718 4200 818 4269 saepsi.

497 4290 566 4358 'triv
586 4289 686 4343 addidi.

498 4378 518 4448 Β)
537 4380 625 4431 πῶλον
642 4379 757 4444 λέγεται,
775 4372 811 4440 ῶς
828 4375 858 4427 τὸ
882 4372 977 4443 ἡρῶον·
1002 4369 1100 4438 αὐτοὺς
1123 4378 1153 4426 δέ
1176 4376 1252 4426 ἐστιν
1280 4374 1354 4436 cod.;
1382 4375 1488 4428 correxi
1517 4378 1589 4433 coll.

410 4464 712 4535 ffifflwffiffi

499 4552 520 4621 ⁹)
538 4552 605 4605 Post
622 4551 715 4618 κόμμα
735 4555 762 4603 εί
780 4550 936 4618 exemplum
954 4554 983 4602 et
1000 4566 1090 4617 pauca
1106 4548 1163 4604 alia
1179 4548 1351 4602 interierunt.
