3459 5200
603 596 757 692 Aa..
791 687 803 692 -

120 801 311 886 scripserat.
356 803 507 886 Denique
530 803 715 885 amputavit
738 803 891 868 consulto
922 801 998 866 libri
1021 801 1283 884 Hephaestionei

120 907 264 985 initium,
288 907 322 972 in
346 927 411 991 quo
435 911 468 972 et
496 927 545 987 ea,
575 927 659 990 quae
688 907 871 973 scholiasta
892 927 924 988 p.
947 905 1016 970 Xlll
1042 907 1081 970 14
1096 927 1168 989 sqq.
1184 906 1286 970 refert

118 1015 150 1074 et
173 1011 436 1093 Hephaestionis
459 1011 500 1075 de
530 1010 715 1075 enchiridio
745 1011 991 1086 testimonium,
1021 1009 1111 1092 quod
1139 1029 1285 1074 comme·

118 1119 230 1179 morat
254 1114 510 1179 Choeroboscus
534 1134 565 1196 p.
589 1113 639 1191 35,
666 1114 701 1178 11
728 1134 811 1196 sqq,
835 1115 922 1178 lecta
942 1132 1017 1176 esse
1032 1112 1207 1193 probabile
1223 1118 1283 1178 est.

120 1218 257 1283 Exitum
270 1237 348 1283 num
360 1217 562 1301 praeciderit
573 1217 761 1298 ambigitur.
807 1217 940 1282 Etenim
957 1236 1031 1281 cum
1054 1217 1155 1280 verba
1176 1217 1231 1279 καὶ
1259 1217 1289 1280 εἴ

117 1343 145 1384 τι
180 1319 260 1385 ἄλλο
293 1320 430 1385 τοιοῦτον
452 1321 497 1403 (p.
520 1321 622 1385 XXIX
651 1323 684 1402 1)
717 1325 788 1385 tum
821 1321 877 1383 καὶ
901 1317 1015 1403 ἑτέροις
1046 1317 1120 1402 τισί,
1148 1320 1218 1403 περὶ
1244 1317 1285 1384 ὤν

117 1424 249 1509 λέξομεν
271 1427 316 1508 lp.
339 1425 429 1489 XXX
451 1426 483 1505 8)
508 1424 693 1506 significare
713 1425 868 1489 videntur
882 1425 1168 1506 Hephaestionem
1184 1423 1285 1487 etiam

116 1531 233 1610 plures
268 1533 366 1593 notas
402 1547 559 1592 enarrare
592 1528 626 1592 in
660 1528 774 1592 animo
808 1528 1009 1610 habuisse.¹)
1064 1528 1107 1591 At
1139 1526 1284 1609 primum

119 1632 261 1714 quidem
292 1631 420 1696 accedit
449 1632 492 1695 ad
521 1635 618 1696 notas
648 1630 682 1695 in
721 1631 831 1714 lyricis
871 1630 1076 1696 carminibus
1107 1635 1286 1712 usurpatas

116 1735 152 1798 in
192 1734 314 1800 fabulis
352 1734 440 1816 diple
480 1733 541 1798 ἔσω
565 1743 733 1816 νενευκυῖα,
774 1734 939 1799 accedunt
974 1737 1149 1816 praeterea
1188 1734 1284 1816 quasi

116 1857 229 1902 novae
272 1841 372 1902 notae
416 1837 645 1919 copulationes
693 1837 742 1900 vel
785 1857 825 1900 ex
868 1838 1078 1919 paragrapho
1122 1841 1157 1901 et
1192 1837 1283 1919 dipla

112 1941 169 2006 vel
194 1959 235 2004 ex
269 1939 410 2022 geminis
435 1939 534 2022 diplis
564 1939 766 2021 oriundae2),
795 1944 865 2004 tum
894 1944 967 2004 tota
990 1944 1144 2004 notarum
1168 1941 1283 2005 metri·

114 2064 235 2110 carum
270 2043 422 2108 doctrina
450 2044 515 2107 hoc
548 2043 654 2125 capite
684 2043 846 2108 exhausta
881 2063 955 2108 esse
983 2042 1114 2107 videtur
1142 2048 1175 2107 et
1198 2063 1283 2127 quae

114 2153 221 2213 notae
244 2147 402 2212 metricae
425 2151 559 2228 praeter
574 2147 719 2229 quinque
744 2147 817 2211 illas
840 2168 925 2230 quae
948 2150 1123 2210 enarratae
1147 2152 1225 2213 sunt
1248 2148 1283 2210 in

113 2271 259 2317 censum
288 2251 401 2315 venire
429 2250 562 2333 possint
596 2271 638 2314 ne
672 2251 834 2333 suspicari
872 2250 1005 2334 quidem
1032 2251 1119 2316 licet.
1171 2251 1282 2332 ltaque

110 2357 214 2438 plura
248 2355 350 2419 luisse
381 2355 415 2418 in
443 2354 702 2435 Hephaestionis
732 2355 817 2418 libro
848 2375 951 2437 nego,
979 2355 1178 2437 praesertim
1208 2374 1281 2419 cum

111 2458 257 2523 dubium
287 2457 330 2522 sit
363 2477 407 2521 an
441 2457 475 2521 in
504 2458 552 2520 eis
582 2476 665 2540 quae
694 2458 856 2540 exscripsi
884 2459 996 2522 verbis
1025 2462 1201 2539 excerptor
1223 2457 1282 2522 ali-

109 2561 196 2646 quid
220 2561 406 2627 mutaverit.

202 2682 327 2746 Μικτῶν
354 2687 589 2766 συστηματικῶν
618 2681 878 2763 descriptionem
907 2703 939 2765 p.
968 2684 1025 2747 XV
1057 2684 1137 2747 1-5
1167 2687 1282 2766 utpote

108 2788 217 2870 plane
250 2805 441 2867 perversam
471 2790 560 2849 recte
590 2785 821 2867 Westphalins
851 2785 1283 2869 (Μ111111111ρ1671111-

106 2890 187 2955 buit
216 2889 457 2972 interpolatori,
492 2888 546 2971 qui
581 2888 682 2955 etiam
712 2890 746 2952 in
776 2897 893 2974 μικτοῖς
915 2888 998 2952 κατὰ
1020 2887 1126 2974 σχέσιν
1155 2889 1199 2972 (p.
1223 2892 1283 2954 XX

111 2992 243 3058 10-1n
259 2994 323 3075 sq.)
352 2993 503 3074 exempla
519 2992 628 3056 attulit
655 3012 724 3056 non
740 2992 922 3056 admodum
946 2992 1066 3056 idonea
1089 2996 1121 3056 et
1151 3013 1193 3057 ne
1216 2993 1282 3058 illic

108 3096 252 3180 quidem
273 3090 440 3178 διάφορα
463 3096 597 3159 misceri
621 3094 689 3178 εἴδη
717 3095 892 3177 professus
916 3101 976 3159 est.
1021 3096 1161 3176 Fingere
1178 3095 1282 3159 voluit

109 3202 260 3265 sortasse
294 3194 387 3283 μικτὰ
420 3194 634 3284 συστηματικσί
673 3199 715 3262 ad
756 3198 1009 3263 similitudinem
1048 3197 1163 3282 μικτῶν
1198 3198 1282 3261 κατὰ

108 3302 232 3387 στίχον.
277 3302 495 3367 Luculentum
520 3301 769 3384 interpolatoris
793 3301 968 3384 vestigium
992 3302 1152 3365 remansit
1181 3302 1281 3367 etiam

108 3410 148 3472 in
174 3406 289 3469 inflata
318 3409 351 3469 et
378 3405 522 3470 verbosa
549 3406 757 3488 praelatione
786 3402 984 3469 ὑπολείπεται
1006 3405 1041 3467 δὲ
1063 3402 1135 3489 ἡμῖν
1157 3405 1228 3489 περί
1249 3428 1281 3470 τε

110 3510 176 3575 τῶν
200 3508 315 3593 μικτῶν
338 3514 575 3594 συστηματικῶν
598 3508 692 3574 εἰπεῖν
715 3559 721 3573 .
748 3558 754 3572 .
779 3558 786 3572 .
811 3558 817 3572 .
841 3508 973 3593 λέγομεν
999 3507 1107 3591 τοίνυν,
1130 3506 1175 3572 ὅτι
1202 3509 1281 3594 ach,

111 3611 233 3696 quales
257 3612 481 3693 posteriorum
504 3611 716 3694 potissimum
739 3616 926 3693 temporum
952 3613 1171 3694 scriptoribus
1192 3614 1281 3678 velut

111 3715 262 3781 Trichae
285 3714 318 3777 in
343 3714 470 3778 deliciis
494 3716 636 3779 luerunt.

201 3834 356 3900 Pluribus
386 3836 623 3919 disputandum
654 3842 704 3902 est
727 3836 767 3902 de
797 3839 980 3902 carminum
1010 3840 1224 3921 epodicorum
1250 3845 1282 3905 et

25 3950 27 3955 '
111 3940 146 4019 ἐξ
176 3936 292 4024 ὁμοίων
321 3940 625 4022 explanationibus,
661 3942 695 4005 in
730 3963 871 4025 quarum
910 3943 1021 4025 priore
1054 3942 1281 4025 Westphalius

110 4042 247 4119 (hletrik
276 4040 306 4105 1ς
338 4064 370 4125 p.
402 4044 460 4108 188
490 4049 522 4108 et
550 4044 595 4108 ssa
616 4066 647 4126 p.
672 4046 734 4109 258
758 4048 821 4129 sq.)
851 4046 1075 4110 certissimum
1101 4046 1281 4127 interpola-

108 4148 196 4213 toris
239 4144 400 4210 indicium
439 4146 689 4230 deprehendere
730 4150 793 4213 sibi
828 4150 918 4213 visus
954 4153 1020 4225 est;
1054 4150 1279 4232 posteriorem

110 4270 235 4315 ornnes
259 4249 368 4313 adhuc
393 4250 456 4331 ipsi
478 4251 720 4333 Hephaestioni
744 4253 1004 4317 vindicaverunt.

108 4427 278 4437 .....-.——-—-.
296 4426 316 4433 .-

203 4542 222 4611 1)
242 4542 275 4594 cl.
296 4540 393 4596 Osann
410 4542 512 4596 Auccd.
532 4542 647 4597 noman.
666 4544 772 4611 (Gissae
793 4545 869 4614 1851)
888 4563 913 4613 1)·
933 4548 1025 4615 64511·

200 4630 223 4697 ²)
243 4628 276 4681 cl.
297 4630 331 4681 ls
350 4629 479 4683 Tzetzam
498 4630 514 4683 l.
535 4644 556 4683 c.
575 4646 600 4698 p.
622 4631 663 4699 71,
681 4632 714 4683 13
734 4648 794 4699 sqq·
