3459 5200
695 417 732 482 ll

607 505 818 515 ....—.....-.---

109 617 176 681 114.
204 617 256 681 12:
292 617 334 682 do
358 611 449 699 rnibi,
479 633 709 697 quemcumque
734 613 795 692 vis,
821 610 930 695 magui
960 608 1097 676 nominis
1126 606 1239 676 virum.
1264 656 1318 684 ..⁴

107 722 218 787 inultos
242 722 300 786 tibi
324 725 404 788 (labo
422 775 429 788 .
444 773 473 788 ..
495 724 588 804 (labo,
612 721 742 804 inquam
765 726 827 784 cto.
962 733 965 737 ’

189 829 245 896 ΧΙ.
270 829 301 896 S.
326 830 384 913 Ep.
415 832 463 894 17.
487 832 521 894 i:
555 828 705 913 Perpessi
736 835 810 892 sunt
834 825 993 892 exercitus
1018 825 1158 910 inopiam
1182 823 1320 888 omniurn

107 957 213 1021 rerum,
248 937 397 1002 vixerunt
433 935 603 1000 herbaruur
641 935 805 999 radicibus
839 941 872 998 et
903 932 992 998 dictu
1024 932 1151 996 foedius
1184 931 1324 998 tulerunt

107 1042 228 1110 larnern,
261 1043 343 1108 baec
375 1043 483 1107 omnia
513 1042 603 1126 passi
638 1049 711 1108 sunt
743 1061 799 1125 pro
833 1061 933 1121 regno
961 1047 1031 1124 (pao
1059 1041 1157 1119 inopis
1186 1040 1323 1118 raineris)

106 1149 218 1215 alieno.

188 1255 365 1322 Reicienda
388 1257 515 1322 videtur
538 1254 674 1321 ethaeo
701 1255 796 1320 lectio
825 1261 856 1320 ct
885 1254 979 1338 bace,
1003 1273 1098 1336 quam
1117 1253 1228 1327 Haase
1251 1272 1323 1337 pro·

106 1364 220 1447 posuit:
255 1385 314 1449 pro
347 1384 461 1448 regno,
494 1383 621 1447 quoque
648 1363 754 1446 magis
783 1361 919 1445 mireris,
948 1360 1064 1426 alieno.
1121 1359 1327 1424 Confidenter

107 1470 349 1536 emendandum:
375 1492 433 1556 pro
452 1491 562 1554 regno,
587 1473 667 1554 prrod
684 1473 782 1552 caepis
801 1472 937 1549 raineris,
962 1467 1078 1535 alieno.
1104 1466 1188 1533 conf.
1213 1467 1326 1533 Suet

107 1585 222 1659 (praest.
252 1577 284 1642 ΙΙ
308 1581 362 1644 26.
380 1581 414 1644 2:
439 1577 519 1642 nihil
543 1583 650 1641 tarnen
674 1577 822 1661 probibet
846 1575 953 1658 ignern
978 1595 1018 1640 ex
1040 1573 1172 1638 humido
1196 1593 1324 1656 quoquc

107 1683 202 1764 educi,
218 1685 316 1750 immo
331 1705 371 1749 ex
386 1685 466 1769 ipso,
482 1687 562 1768 paud
575 1687 672 1764 crepis
687 1687 817 1763 raineris,
834 1683 974 1747 burnore.
998 1680 1039 1744 de
1054 1682 1142 1748 brev,
1156 1681 1212 1747 vit.
1223 1679 1325 1745 vrlr:

106 1789 207 1856 vivere
231 1799 301 1857 tota
325 1792 393 1856 vita
417 1791 607 1857 discendum
631 1798 687 1874 ost,
713 1798 752 1874 et,
776 1792 857 1874 quod
878 1792 976 1870 rnrrpis
992 1793 1133 1870 sortasse
1155 1788 1325 1866 urirobcrtr,

107 1905 168 1962 tota
182 1899 248 1964 vite
269 1899 459 1964 discendum
479 1906 529 1964 est
547 1899 644 1980 mori,
669 1898 727 1982 Ep.
745 1901 795 1963 ll.
810 1900 845 1962 4:
867 1895 1152 1962 summunrbonurn
1169 1893 1327 1978 estquod

108 2005 270 2071 honestum
297 2014 356 2073 cst.
381 2015 408 2070 el
438 2009 518 2090 prrrrd
547 2009 644 2085 erupis
672 2007 853 2069 admireris:
887 2024 982 2068 unum
1005 2004 1123 2066 bonunr
1146 2009 1209 2083 est,
1241 2000 1329 2083 quod

108 2113 268 2178 bonestunr
295 2121 353 2180 est.
388 2113 430 2180 ib.
452 2116 508 2178 21:
542 2113 603 2177 boc
632 2112 744 2176 nrirurn
768 2111 895 2178 videtur
922 2110 1002 2176 tibi?
1035 2111 1111 2174 itbrd
1138 2111 1204 2173 lieet
1231 2111 1328 2190 crepis

107 2221 283 2286 admireris:
307 2221 413 2286 iacere
438 2220 469 2284 in
494 2219 640 2284 convivio
664 2219 783 2282 rnaluur
807 2225 866 2283 est.
905 2212 1067 2282 T.'Gerrn.
1086 2218 1136 2280 24.
1151 2217 1187 2280 6:
1212 2213 1327 2298 aleam,

107 2329 181 2408 prod
201 2332 324 2408 arbe-re,
351 2325 448 2392 sobrii
473 2327 555 2391 inter
579 2326 664 2391 seria
688 2331 847 2390 exercent.

189 2434 258 2499 XII.
291 2435 323 2499 S.
347 2434 405 2518 Ep.
429 2437 482 2500 58.
498 2435 555 2498 24:
590 2434 639 2498 De
663 2431 790 2498 bourine
814 2431 891 2514 dixi,
915 2429 1037 2495 tirrvida
1060 2430 1195 2494 materia
1219 2435 1252 2494 et
1275 2449 1327 2492 ea·

108 2538 185 2605 duca
208 2549 240 2606 et
264 2541 415 2607 onrnibus
439 2540 579 2605 obnoxia
602 2544 717 2605 carreis:
741 2538 879 2604 nrnndus
903 2557 1038 2622 qnoque,
1062 2544 1195 2603 aeterna
1218 2556 1271 2601 res
1296 2543 1328 2601 et

107 2646 228 2727 invicta,
252 2656 396 2713 mutatur·
419 2669 478 2713 nee
502 2647 586 2712 idern
610 2656 728 2713 nranct.

190 2755 311 2821 Contra
339 2754 422 2819 banc
451 2754 596 2819 codieunr
628 2754 797 2819 lectionem
832 2774 852 2817 a
880 2753 1031 2817 Fickerto
1055 2758 1088 2817 et
1110 2750 1234 2816 Haasio
1263 2772 1355 2816 scr.

108 2868 216 2947 vatam,
241 2884 338 2946 quarn
362 2862 492 2927 tolerari
517 2882 613 2946 posse
634 2882 697 2926 non
721 2882 812 2944 nego,
836 2859 1047 2944 probabiliter
1065 2859 1230 2942 Mureturn,
1253 2858 1327 2942 Lip-

109 2965 192 3052 siunr,
211 2970 410 3035 Gronoviunr
431 2969 601 3053 scripsisse
622 2971 754 3034 ‹duroria
777 2970 897 3033 cursibus
921 2966 1038 3031 docent
1061 2966 1209 3049 exempla
1233 2964 1327 3029 baec:

108 3074 141 3140 Τ.
164 3076 242 3143 Anu.
266 3078 343 3141 XIV
359 3080 410 3143 bb.
428 3079 484 3143 11:
520 3084 552 3141 et
575 3083 630 3141 tua
655 3074 782 3158 quidem
808 3094 886 3156 erga
909 3095 960 3138 ure
983 3094 1127 3156 munera,
1156 3071 1232 3136 dum
1260 3071 1328 3136 vita

109 3190 264 3269 suppetet,
298 3194 423 3250 octenni
452 3190 558 3249 crunt:
592 3204 675 3265 quae
704 3204 724 3247 a
753 3202 803 3246 rue
836 3182 954 3259 babes,
983 3180 1067 3245 borti
1097 3187 1128 3245 et
1157 3178 1271 3243 laeuus
1295 3185 1328 3243 ct

108 3288 211 3375 villae,
239 3293 360 3357 casibus
388 3294 522 3357 ‹rbaoorio
548 3298 628 3355 curet
678 3292 757 3357 dnn.
783 3290 814 3352 Il
839 3290 966 3354 2b.12:
997 3287 1117 3371 quippe
1143 3289 1268 3350 invirbrs
1296 3292 1329 3351 et

108 3396 198 3463 nullis
221 3400 344 3463 cosdras
367 3397 569 3483 superabiles
593 3399 754 3461 llouranos
783 3377 1025 3481 praedicabant.
1051 3394 1084 3461 S.
1109 3394 1167 3477 Ep.
1191 3396 1243 3459 (ib.
1269 3395 1326 3457 23:

109 3504 208 3569 onrnia
241 3506 327 3571 enirn
360 3506 432 3590 ista,
466 3505 497 3569 in
531 3526 615 3588 quae
648 3504 823 3569 dominium
846 3526 936 3567 errare
959 3508 1096 3578 exercet,
1125 3521 1220 3565 serva
1243 3506 1326 3576 sunt,

110 3612 239 3691 pecunia
263 3619 296 3677 et
320 3632 436 3697 corpus
460 3620 493 3677 et
516 3612 663 3695 bonores,
691 3611 852 3688 inbecilla,
870 3612 982 3691 juncia,
1011 3608 1169 3692 mortalia,
1199 3627 1327 3691 posses·

109 3716 200 3783 sionis
233 3720 390 3784 incerbre:
424 3718 480 3783 illa
514 3740 623 3785 rursus
657 3719 759 3785 libera
789 3725 820 3782 et
846 3721 958 3783 irroiclo
986 3736 1086 3799 opera
1115 3714 1250 3781 virtutis.
1284 3711 1327 3777 ad

110 3821 199 3891 Mare.
224 3826 265 3890 de
290 3827 410 3893 consol.
435 3826 542 3891 XXIV
559 3830 593 3891 4:
615 3826 699 3908 quod
724 3846 819 3890 uuum
845 3845 884 3889 cr
910 3831 976 3887 tarn
999 3824 1083 3887 bono
1106 3821 1173 3885 tilio
1196 3826 1328 3905 poteras

110 3927 220 4016 dolere,
245 3933 392 4015 doluisti3
417 3940 533 4011 cetera,
559 3940 708 4017 ouenrpta
732 3934 860 4012 cumbris,
886 3932 984 4015 plena
1006 3929 1181 4013 voluptatis
1205 3933 1289 3992 sunt.

191 4042 276 4105 Xlll.
311 4042 343 4106 S.
373 4042 433 4126 Ep.
460 4043 511 4107 70.
540 4045 593 4108 19:
628 4060 764 4122 curnque
796 4040 951 4104 cornurodo
983 4038 1064 4101 urori
1091 4056 1155 4100 non
1183 4034 1326 4099 licuisset

112 4164 165 4209 noc
189 4147 230 4211 ad
255 4148 422 4213 arbitrium
447 4169 536 4213 suurn
562 4148 773 4213 instrumenta
788 4145 900 4209 rnortis
916 4144 1046 4228 eligere,
1067 4144 1164 4208 obvia
1179 4160 1328 4224 quaeque

112 4264 280 4335 rapuerunt
303 4263 336 4321 et
359 4275 442 4338 quae
467 4262 582 4320 natura
605 4274 668 4318 non
693 4260 783 4319 eraut
808 4252 914 4326 noxia,
939 4252 971 4315 vi
996 4271 1055 4317 sua
1078 4250 1145 4313 tela
1172 4248 1325 4315 iecerunt.

193 4361 330 4427 Codices
345 4363 446 4428 Paris.
466 4363 501 4446 P,
517 4361 622 4429 Guelf.
639 4362 684 4445 G,
710 4360 804 4444 pauci
829 4381 868 4423 ex
894 4380 974 4424 reec.
993 4356 1155 4423 exhibent:
1178 4358 1328 4439 ‹proruorb›

111 4470 183 4529 nori
217 4490 278 4533 aon
316 4471 457 4550 licuisset,
496 4467 581 4533 unde
614 4468 719 4532 Faber
752 4466 875 4532 elicuit:
913 4487 968 4529 sero
1002 4466 1090 4531 nrodo
1122 4467 1218 4542 arori,·
1256 4461 1327 4529 cod.

117 4569 244 4660 Parisp
265 4576 407 4641 exbibet:
434 4580 648 4658 brentemaris,
664 4574 833 4639 lectioneur
858 4572 1063 4656 plurimorum
1087 4569 1234 4635 codicum
1248 4594 1328 4636 com·

115 4686 200 4749 nodo
219 4681 365 4751 defendit
379 4684 570 4751 Gronovius.
610 4680 818 4748 Scribendunr
844 4700 917 4745 esso
940 4698 1058 4745 censeo
1082 4698 1154 4743 oum
1177 4676 1208 4740 C.
1224 4677 1260 4745 F.
1275 4678 1327 4748 W.
