3459 5200
1013 589 1055 652 88

452 793 660 878 στρεφόντων)
683 792 705 857 οἳ
728 793 783 879 μὲν
805 794 931 880 διμερῆ,
954 791 977 856 ἂ
998 794 1035 857 δὲ
1055 793 1199 879 τριμερῆ,
1223 790 1265 870 ὡς
1286 791 1326 856 τὰ
1348 795 1404 856 καὶ
1423 791 1480 877 τὴν
1501 791 1596 876 ἐπῳδὸν

453 896 742 983 προσλαμβάνοντα,
766 898 807 962 de
831 899 952 980 quibus
982 898 1127 962 disserui
1154 917 1187 980 p.
1210 897 1252 960 85
1276 916 1349 979 sqq.
1393 897 1541 962 Ceterum
1558 895 1597 958 in·

451 1001 579 1081 spicias
602 1001 701 1064 velim
722 1001 775 1065 Fr.
797 1001 865 1066 Leo
889 1001 909 1065 l.
934 1021 962 1065 c.
985 1022 1017 1083 p.
1039 1001 1103 1065 298
1126 1021 1176 1083 sq.

540 1106 631 1171 Haec
654 1109 732 1169 sunt
756 1124 840 1188 quae
865 1123 955 1169 nunc
977 1105 1066 1187 apud
1089 1103 1244 1170 Caesium
1265 1104 1429 1185 leguntur,
1460 1103 1516 1168 sed
1536 1101 1597 1165 olim

453 1210 567 1273 omnia
590 1228 629 1273 ea
645 1209 733 1273 lecta
748 1207 862 1287 fuisse,
885 1228 970 1290 quae
984 1208 1074 1291 apud
1089 1207 1297 1272 Victorinum
1312 1228 1344 1289 p.
1360 1207 1413 1287 56,
1428 1206 1556 1282 22—60,
1568 1204 1599 1268 75

451 1312 574 1377 tradita
605 1316 698 1390 sunt,
728 1312 904 1376 affirmavit
932 1312 1079 1377 Hensins
1107 1311 1149 1375 de
1177 1311 1258 1376 Iuba
1282 1331 1315 1393 p.
1338 1311 1390 1375 55.
1435 1309 1599 1389 Quodque

453 1419 650 1497 argumento
673 1415 866 1498 probaverit
888 1416 1015 1480 trustra
1037 1415 1270 1497 circumspexi.
1321 1416 1448 1479 Contra
1475 1409 1600 1494 singula·

416 1509 419 1516 ’
454 1537 525 1582 rem
549 1519 577 1582 si
601 1519 786 1583 carminum
815 1519 994 1600 generibus
1021 1517 1254 1583 describendis
1282 1518 1394 1582 locum
1422 1516 1600 1586 dedicasset

452 1621 589 1686 Caesius
613 1641 682 1686 non
706 1641 813 1704 pauca
834 1623 892 1687 illa
914 1642 999 1704 quae
1023 1621 1183 1704 exscripsi
1207 1620 1240 1684 ἐν
1262 1617 1393 1705 παρόδῳ
1413 1619 1602 1690 adnotasset

450 1711 566 1789 verum
583 1745 623 1789 ea
638 1745 770 1810 quoque
787 1725 831 1791 ad
847 1725 1016 1808 peculiare
1039 1725 1120 1790 illud
1143 1730 1243 1806 caput
1266 1724 1457 1806 relegasset.
1491 1718 1600 1787 Deinde

452 1827 687 1906 Terentianus
711 1829 767 1910 qui
790 1827 825 1892 in
848 1831 1046 1910 argumento
1070 1831 1160 1892 certe
1185 1831 1278 1891 totus
1301 1847 1322 1892 a
1344 1824 1463 1892 Caesio
1486 1823 1603 1908 pendet,

452 1951 559 2013 neque
592 1931 649 1994 ubi
683 1952 703 1996 a
731 1931 873 2014 pedibus
907 1933 950 1996 ad
983 1935 1091 1996 metra
1122 1931 1302 1995 transitum
1335 1930 1414 1994 fecit
1440 1929 1485 2011 (v.
1514 1923 1603 2010 1578),

417 2063 418 2066 ¹
451 2052 559 2116 neque
582 2034 638 2099 ubi
661 2054 681 2098 a
710 2034 857 2116 generali
887 2039 1071 2099 metrorum
1099 2033 1337 2116 explanatione
1365 2033 1410 2097 ad
1435 2029 1605 2096 Horatiana

451 2141 684 2218 transgressus
706 2140 758 2201 est
780 2137 822 2218 (v.
839 2137 947 2220 7914),
971 2138 1013 2201 de
1034 2141 1228 2219 poematum
1250 2135 1429 2218 generibus
1452 2130 1606 2198 dissentit.

452 2239 565 2323 Neque
589 2241 688 2321 igitur
710 2241 746 2305 in
769 2246 920 2306 extremo
942 2241 1019 2305 libri
1043 2240 1152 2323 eapite
1179 2259 1269 2305 nunc
1295 2241 1349 2305 vel
1371 2237 1545 2321 scriptoris
1564 2232 1606 2296 rel

452 2343 581 2408 librarii
604 2344 701 2426 culpa
723 2343 851 2424 mutilo,
876 2343 1007 2427 quode
1035 2344 1152 2408 metris
1181 2343 1378 2409 Horatianis
1406 2346 1510 2406 antea
1534 2355 1607 2403 non·

453 2446 531 2510 dum
562 2446 736 2528 explicatis
771 2467 824 2511 res
859 2451 946 2525 erat,
979 2451 1172 2512 accuratam
1199 2453 1393 2529 poematum
1421 2445 1608 2509 divisionem

454 2549 605 2614 extitisse
628 2550 699 2614 veri
723 2549 832 2615 simile
856 2554 917 2631 est,
939 2551 1140 2634 praesertim
1164 2569 1239 2616 cum
1265 2550 1343 2616 libri
1365 2547 1609 2631 dispositionem

452 2654 486 2717 in
510 2673 560 2716 vr.
586 2652 795 2717 1595-1605
819 2654 892 2737 ipse
915 2654 1100 2719 adumbret.

539 2756 689 2837 Arripuit
722 2756 830 2823 Caesii
871 2758 1121 2822 enarrationem
1157 2758 1260 2822 modo
1294 2757 1499 2838 exscriptam
1530 2752 1611 2835 Aph-

452 2858 588 2923 thonius
623 2859 659 2921 in
691 2863 877 2925 metrorum
915 2860 1177 2925 Horatianorum
1216 2859 1443 2941 descriptione
1480 2880 1512 2942 p.
1549 2857 1609 2928 ica,

455 2962 535 3024 1-3
552 2965 586 3025 et
604 2962 673 3041 167,
699 2962 738 3026 18
756 2984 805 3046 sq.
830 2982 937 3046 neque
960 2983 1030 3028 non
1053 2982 1093 3029 ea
1114 2984 1195 3028 usus
1219 2968 1271 3028 est
1292 2963 1611 3028 Fortunatianus

452 3065 486 3129 in
510 3064 618 3147 capite
642 3066 683 3130 de
709 3066 825 3131 metris
854 3068 985 3131 Horatii
1015 3067 1151 3132 ineunte
1180 3067 1246 3147 (GL
1270 3065 1311 3130 Vl
1332 3086 1365 3149 p.
1388 3067 1462 3145 aad,
1485 3068 1529 3131 24
1550 3081 1612 3146 sqq.

454 3196 492 3221 =
509 3188 541 3250 p.
560 3169 608 3247 17,
626 3170 644 3234 7
662 3189 731 3252 sqq.
749 3169 819 3235 eius
835 3170 1068 3234 Fortunatiani
1084 3169 1252 3248 editionis,
1269 3189 1355 3253 quae
1370 3191 1391 3234 a
1404 3169 1514 3234 Keilio
1530 3166 1614 3233 llalis

453 3290 482 3333 a.
510 3271 590 3335 1885
612 3271 738 3351 publici
761 3272 843 3336 iuris
867 3273 955 3338 facta
979 3274 1080 3357 est¹):
1183 3328 1186 3331 .

539 3374 650 3451 „Haeo
678 3378 790 3440 autem
813 3376 944 3441 Horatii
973 3376 1125 3441 carmina
1146 3426 1154 3440 .
1172 3426 1203 3440 ..
1230 3378 1477 3458 monostropha
1506 3372 1615 3440 Graeci

453 3478 722 3559 appellaverunt,
757 3479 846 3561 quod
878 3480 988 3561 prima
1015 3480 1153 3561 strophe
1183 3528 1190 3543 .
1216 3525 1254 3543 ..
1283 3484 1413 3544 ceteras
1442 3482 1616 3563 sequentes

454 3581 581 3645 similes
604 3582 737 3660 habeat,
761 3582 881 3646 necin
904 3582 1015 3665 aliqua
1037 3586 1132 3664 parte
1155 3582 1468 3646 interveniente
1492 3580 1616 3665 epodo

454 3684 526 3751 cola
548 3686 749 3750 mutentur.“

538 3788 660 3853 Verum
682 3789 943 3877 Fortunatianus
973 3790 1046 3854 solo
1074 3789 1193 3855 Caesio
1222 3808 1292 3852 non
1322 3793 1521 3868 eontentuS,
1551 3806 1618 3851 eum

455 3892 555 3956 etiam
576 3892 617 3956 de
634 3892 838 3957 carminibus
862 3913 947 3975 quae
967 3912 1057 3973 „non
1072 3928 1114 3940 -
1129 3892 1394 3973 monostropba“
1416 3896 1538 3957 essent
1559 3890 1621 3955 dis·

455 4014 567 4059 serere
595 3996 711 4073 vellet,
740 3996 840 4061 alium
875 4001 1051 4079 praeterea
1079 3999 1251 4060 auctorem
1277 3995 1462 4058 arcessivit.
1517 3994 1621 4075 Verba

454 4099 574 4178 „colon
609 4099 688 4180 quid
722 4100 766 4164 sit
798 4100 865 4164 iam
893 4099 1054 4179 diximus,
1088 4119 1109 4163 a
1137 4118 1202 4181 quo
1229 4097 1363 4181 <diocia
1385 4096 1478 4179 sive>
1507 4096 1622 4163 tricola

454 4204 523 4266 sive
556 4202 719 4267 tetracola
752 4202 908 4266 dicuntur
940 4203 1024 4267 haec
1052 4202 1221 4266 carmina“
1256 4202 1301 4283 (p.
1327 4202 1382 4279 17,
1413 4202 1559 4283 10—11)
1586 4199 1622 4261 de

456 4325 515 4369 suo
539 4305 678 4370 addidit.
723 4304 846 4369 Verbis
871 4306 926 4386 „in
955 4304 1168 4370 cantionibus
1196 4310 1307 4369 autem
1334 4303 1445 4386 lyricis
1475 4306 1624 4388 legitime

457 4408 613 4491 scriptis*
648 4427 755 4473 novus
790 4408 865 4473 lons
901 4409 1087 4474 clarissime
1120 4408 1302 4485 indicatur,
1341 4426 1440 4489 quem
1476 4415 1519 4475 ut
1554 4426 1624 4472 eum

544 4632 562 4699 ¹)
580 4632 637 4684 Hac
656 4632 684 4684 in
702 4636 842 4699 posterum
861 4636 930 4685 utar.
