<?xml version="1.0" encoding="UTF-8"?>
<!DOCTYPE html PUBLIC "-//W3C//DTD XHTML 1.0 Transitional//EN"
    "http://www.w3.org/TR/xhtml1/DTD/xhtml1-transitional.dtd">
<html xmlns="http://www.w3.org/1999/xhtml" xml:lang="en" lang="en">
 <head>
  <title>
</title>
<meta http-equiv="Content-Type" content="text/html;charset=utf-8" />
  <meta name='ocr-system' content='tesseract 3.04.00' />
  <meta name='ocr-capabilities' content='ocr_page ocr_carea ocr_par ocr_line ocrx_word'/>
</head>
<body>
  <div class='ocr_page' id='page_1' title='image "./detacitosenecae00zimmgoog_0340.png"; bbox 0 0 3459 5200; ppageno 0'>
   <div class='ocr_carea' id='block_1_1' title="bbox 614 537 814 636">
    <p class='ocr_par' dir='ltr' id='par_1_1' title="bbox 614 537 814 636">
     <span class='ocr_line' id='line_1_1' title="bbox 614 537 814 636; baseline -0.02 0"><span class='ocrx_word' id='word_1_1' title='bbox 614 537 814 636; x_wconf 50' lang='lat' dir='ltr'>Aa-.-</span> 
     </span>
    </p>
   </div>
   <div class='ocr_carea' id='block_1_2' title="bbox 137 742 1313 3412">
    <p class='ocr_par' dir='ltr' id='par_1_2' title="bbox 137 742 1313 3412">
     <span class='ocr_line' id='line_1_2' title="bbox 143 742 1310 829; baseline -0.003 -20"><span class='ocrx_word' id='word_1_2' title='bbox 143 745 286 829; x_wconf 90' lang='lat' dir='ltr'>pedibus</span> <span class='ocrx_word' id='word_1_3' title='bbox 309 745 511 827; x_wconf 53' lang='grc'>(1131513)</span> <span class='ocrx_word' id='word_1_4' title='bbox 534 746 636 826; x_wconf 90' lang='lat' dir='ltr'>pedes</span> <span class='ocrx_word' id='word_1_5' title='bbox 661 766 701 809; x_wconf 86' lang='lat' dir='ltr'>ex</span> <span class='ocrx_word' id='word_1_6' title='bbox 724 745 859 826; x_wconf 82' lang='lat' dir='ltr'><strong>syllabis</strong></span> <span class='ocrx_word' id='word_1_7' title='bbox 883 745 926 827; x_wconf 75' lang='lat' dir='ltr'>lp.</span> <span class='ocrx_word' id='word_1_8' title='bbox 949 745 1000 822; x_wconf 87' lang='grc'>31,</span> <span class='ocrx_word' id='word_1_9' title='bbox 1023 742 1096 825; x_wconf 57' lang='grc'>8111,</span> <span class='ocrx_word' id='word_1_10' title='bbox 1119 744 1310 827; x_wconf 76' lang='lat' dir='ltr'><strong>rhythmum</strong></span> 
     </span>
     <span class='ocr_line' id='line_1_3' title="bbox 144 846 1312 932; baseline -0.003 -20"><span class='ocrx_word' id='word_1_11' title='bbox 144 870 184 913; x_wconf 86' lang='lat' dir='ltr'>ex</span> <span class='ocrx_word' id='word_1_12' title='bbox 219 850 427 932; x_wconf 82' lang='lat' dir='ltr'>temporibus</span> <span class='ocrx_word' id='word_1_13' title='bbox 462 850 506 930; x_wconf 81' lang='lat' dir='ltr'>[p.</span> <span class='ocrx_word' id='word_1_14' title='bbox 536 851 586 926; x_wconf 87' lang='grc'>11,</span> <span class='ocrx_word' id='word_1_15' title='bbox 620 848 694 931; x_wconf 66' lang='grc'>413)</span> <span class='ocrx_word' id='word_1_16' title='bbox 750 850 818 914; x_wconf 87' lang='lat' dir='ltr'>Sed</span> <span class='ocrx_word' id='word_1_17' title='bbox 854 850 943 914; x_wconf 90' lang='lat' dir='ltr'>idern</span> <span class='ocrx_word' id='word_1_18' title='bbox 977 850 1138 913; x_wconf 87' lang='lat' dir='ltr'>vocabulo</span> <span class='ocrx_word' id='word_1_19' title='bbox 1168 846 1312 932; x_wconf 79' lang='grc' dir='ltr'>περίοδος</span> 
     </span>
     <span class='ocr_line' id='line_1_4' title="bbox 143 952 1311 1036; baseline -0.001 -21"><span class='ocrx_word' id='word_1_20' title='bbox 143 952 273 1033; x_wconf 85' lang='lat' dir='ltr'>pariter</span> <span class='ocrx_word' id='word_1_21' title='bbox 301 957 401 1036; x_wconf 88' lang='lat' dir='ltr'>atque</span> <span class='ocrx_word' id='word_1_22' title='bbox 429 953 631 1018; x_wconf 84' lang='lat' dir='ltr'>Heliodorus</span> <span class='ocrx_word' id='word_1_23' title='bbox 659 974 739 1018; x_wconf 90' lang='lat' dir='ltr'>usus</span> <span class='ocrx_word' id='word_1_24' title='bbox 769 957 820 1018; x_wconf 90' lang='lat' dir='ltr'>est</span> <span class='ocrx_word' id='word_1_25' title='bbox 850 973 925 1017; x_wconf 89' lang='grc'>11111</span> <span class='ocrx_word' id='word_1_26' title='bbox 947 973 978 1035; x_wconf 90' lang='lat' dir='ltr'>p.</span> <span class='ocrx_word' id='word_1_27' title='bbox 1001 955 1052 1031; x_wconf 84' lang='lat'>59,</span> <span class='ocrx_word' id='word_1_28' title='bbox 1079 953 1246 1029; x_wconf 88' lang='grc'>171160,</span> <span class='ocrx_word' id='word_1_29' title='bbox 1273 952 1311 1014; x_wconf 89' lang='grc'>15</span> 
     </span>
     <span class='ocr_line' id='line_1_5' title="bbox 146 1051 1313 1142; baseline -0.002 -22"><span class='ocrx_word' id='word_1_30' title='bbox 146 1061 219 1120; x_wconf 89' lang='lat' dir='ltr'>turn</span> <span class='ocrx_word' id='word_1_31' title='bbox 243 1077 276 1139; x_wconf 89' lang='lat' dir='ltr'>p.</span> <span class='ocrx_word' id='word_1_32' title='bbox 299 1057 350 1137; x_wconf 82' lang='lat'>55,</span> <span class='ocrx_word' id='word_1_33' title='bbox 374 1058 394 1120; x_wconf 89' lang='lat'><em>8</em></span> <span class='ocrx_word' id='word_1_34' title='bbox 416 1053 455 1120; x_wconf 82' lang='grc' dir='ltr'>τὰ</span> <span class='ocrx_word' id='word_1_35' title='bbox 478 1055 515 1118; x_wconf 80' lang='grc' dir='ltr'>ἐκ</span> <span class='ocrx_word' id='word_1_36' title='bbox 536 1051 651 1120; x_wconf 72' lang='grc' dir='ltr'>τούτων</span> <span class='ocrx_word' id='word_1_37' title='bbox 673 1051 821 1142; x_wconf 82' lang='grc' dir='ltr'>κόμματα</span> <span class='ocrx_word' id='word_1_38' title='bbox 843 1057 898 1119; x_wconf 80' lang='grc' dir='ltr'>καὶ</span> <span class='ocrx_word' id='word_1_39' title='bbox 920 1055 1009 1119; x_wconf 80' lang='grc' dir='ltr'>κῶλα</span> <span class='ocrx_word' id='word_1_40' title='bbox 1031 1057 1086 1119; x_wconf 81' lang='grc' dir='ltr'>καὶ</span> <span class='ocrx_word' id='word_1_41' title='bbox 1107 1055 1244 1140; x_wconf 75' lang='grc' dir='ltr'>περίοδοι</span> <span class='ocrx_word' id='word_1_42' title='bbox 1258 1057 1313 1118; x_wconf 82' lang='grc' dir='ltr'>καὶ</span> 
     </span>
     <span class='ocr_line' id='line_1_6' title="bbox 143 1158 1310 1242; baseline -0.001 -20"><span class='ocrx_word' id='word_1_43' title='bbox 143 1158 252 1242; x_wconf 77' lang='grc' dir='ltr'>μέτρα.</span> <span class='ocrx_word' id='word_1_44' title='bbox 310 1160 358 1224; x_wconf 83' lang='lat' dir='ltr'>Ex</span> <span class='ocrx_word' id='word_1_45' title='bbox 392 1160 636 1242; x_wconf 80' lang='lat' dir='ltr'>posterioribus</span> <span class='ocrx_word' id='word_1_46' title='bbox 672 1160 826 1224; x_wconf 86' lang='lat' dir='ltr'>excitavit</span> <span class='ocrx_word' id='word_1_47' title='bbox 848 1159 1028 1224; x_wconf 83' lang='lat' dir='ltr'>Maximum</span> <span class='ocrx_word' id='word_1_48' title='bbox 1057 1158 1241 1224; x_wconf 88' lang='lat' dir='ltr'>Planudem</span> <span class='ocrx_word' id='word_1_49' title='bbox 1277 1159 1310 1222; x_wconf 94' lang='lat' dir='ltr'>in</span> 
     </span>
     <span class='ocr_line' id='line_1_7' title="bbox 141 1263 1310 1346; baseline 0.002 -20"><span class='ocrx_word' id='word_1_50' title='bbox 141 1265 227 1327; x_wconf 89' lang='lat' dir='ltr'>rhet.</span> <span class='ocrx_word' id='word_1_51' title='bbox 261 1284 307 1346; x_wconf 87' lang='lat' dir='ltr'>gr.</span> <span class='ocrx_word' id='word_1_52' title='bbox 340 1264 460 1345; x_wconf 80' lang='lat' dir='ltr'>(Walz)</span> <span class='ocrx_word' id='word_1_53' title='bbox 492 1263 556 1326; x_wconf 89' lang='lat' dir='ltr'>vol.</span> <span class='ocrx_word' id='word_1_54' title='bbox 592 1263 618 1326; x_wconf 91' lang='lat' dir='ltr'>V</span> <span class='ocrx_word' id='word_1_55' title='bbox 652 1285 682 1345; x_wconf 94' lang='lat' dir='ltr'>p.</span> <span class='ocrx_word' id='word_1_56' title='bbox 712 1263 784 1342; x_wconf 86' lang='grc'>510,</span> <span class='ocrx_word' id='word_1_57' title='bbox 811 1265 832 1326; x_wconf 73' lang='lat' dir='ltr'>l</span> <span class='ocrx_word' id='word_1_58' title='bbox 860 1285 932 1346; x_wconf 86' lang='lat' dir='ltr'>sqq.</span> <span class='ocrx_word' id='word_1_59' title='bbox 962 1268 995 1327; x_wconf 90' lang='lat' dir='ltr'>et</span> <span class='ocrx_word' id='word_1_60' title='bbox 1022 1265 1112 1328; x_wconf 88' lang='lat' dir='ltr'>loan.</span> <span class='ocrx_word' id='word_1_61' title='bbox 1153 1264 1310 1328; x_wconf 87' lang='lat' dir='ltr'>Tzetzam</span> 
     </span>
     <span class='ocr_line' id='line_1_8' title="bbox 142 1366 1310 1448; baseline -0.001 -19"><span class='ocrx_word' id='word_1_62' title='bbox 142 1366 178 1430; x_wconf 94' lang='lat' dir='ltr'>in</span> <span class='ocrx_word' id='word_1_63' title='bbox 214 1367 364 1432; x_wconf 87' lang='lat' dir='ltr'>Crameri</span> <span class='ocrx_word' id='word_1_64' title='bbox 389 1367 459 1431; x_wconf 77' lang='lat' dir='ltr'>An.</span> <span class='ocrx_word' id='word_1_65' title='bbox 492 1366 555 1430; x_wconf 83' lang='lat' dir='ltr'>Ox.</span> <span class='ocrx_word' id='word_1_66' title='bbox 590 1367 630 1431; x_wconf 97' lang='lat' dir='ltr'>lll</span> <span class='ocrx_word' id='word_1_67' title='bbox 662 1387 694 1448; x_wconf 91' lang='lat' dir='ltr'>p.</span> <span class='ocrx_word' id='word_1_68' title='bbox 729 1368 800 1443; x_wconf 71' lang='lat'>343,</span> <span class='ocrx_word' id='word_1_69' title='bbox 835 1369 873 1431; x_wconf 86' lang='grc'>11</span> <span class='ocrx_word' id='word_1_70' title='bbox 911 1367 976 1431; x_wconf 89' lang='lat' dir='ltr'>iarn</span> <span class='ocrx_word' id='word_1_71' title='bbox 1010 1367 1094 1430; x_wconf 89' lang='lat' dir='ltr'>Guil.</span> <span class='ocrx_word' id='word_1_72' title='bbox 1129 1366 1243 1430; x_wconf 82' lang='lat' dir='ltr'>Christ</span> <span class='ocrx_word' id='word_1_73' title='bbox 1275 1366 1310 1428; x_wconf 91' lang='lat' dir='ltr'>iu</span> 
     </span>
     <span class='ocr_line' id='line_1_9' title="bbox 140 1469 1310 1552; baseline -0.002 -18"><span class='ocrx_word' id='word_1_74' title='bbox 140 1471 285 1552; x_wconf 87' lang='lat' dir='ltr'>Abhdlg.</span> <span class='ocrx_word' id='word_1_75' title='bbox 320 1471 352 1534; x_wconf 73' lang='lat' dir='ltr'>cl.</span> <span class='ocrx_word' id='word_1_76' title='bbox 375 1470 526 1534; x_wconf 90' lang='lat' dir='ltr'>Muench.</span> <span class='ocrx_word' id='word_1_77' title='bbox 555 1469 658 1534; x_wconf 86' lang='lat' dir='ltr'>Acad.</span> <span class='ocrx_word' id='word_1_78' title='bbox 688 1471 751 1533; x_wconf 87' lang='lat' dir='ltr'>vol.</span> <span class='ocrx_word' id='word_1_79' title='bbox 775 1471 818 1534; x_wconf 86' lang='lat' dir='ltr'>XI</span> <span class='ocrx_word' id='word_1_80' title='bbox 846 1470 1002 1551; x_wconf 80' lang='grc'>(11868)</span> <span class='ocrx_word' id='word_1_81' title='bbox 1030 1490 1062 1552; x_wconf 93' lang='lat' dir='ltr'>p.</span> <span class='ocrx_word' id='word_1_82' title='bbox 1088 1471 1162 1545; x_wconf 89' lang='grc'>138;</span> <span class='ocrx_word' id='word_1_83' title='bbox 1191 1469 1310 1533; x_wconf 88' lang='lat' dir='ltr'>eodem</span> 
     </span>
     <span class='ocr_line' id='line_1_10' title="bbox 142 1571 1308 1656; baseline 0 -20"><span class='ocrx_word' id='word_1_84' title='bbox 142 1574 290 1656; x_wconf 88' lang='lat' dir='ltr'>pertinet</span> <span class='ocrx_word' id='word_1_85' title='bbox 324 1573 364 1636; x_wconf 90' lang='lat' dir='ltr'>ls.</span> <span class='ocrx_word' id='word_1_86' title='bbox 399 1574 539 1636; x_wconf 87' lang='lat' dir='ltr'>Tzetzes</span> <span class='ocrx_word' id='word_1_87' title='bbox 574 1571 608 1636; x_wconf 94' lang='lat' dir='ltr'>in</span> <span class='ocrx_word' id='word_1_88' title='bbox 637 1573 785 1637; x_wconf 89' lang='lat' dir='ltr'>Crameri</span> <span class='ocrx_word' id='word_1_89' title='bbox 819 1574 882 1637; x_wconf 89' lang='lat' dir='ltr'>Au.</span> <span class='ocrx_word' id='word_1_90' title='bbox 910 1574 1022 1637; x_wconf 74' lang='lat' dir='ltr'>Paul</span> <span class='ocrx_word' id='word_1_91' title='bbox 1050 1594 1082 1655; x_wconf 92' lang='lat' dir='ltr'>p.</span> <span class='ocrx_word' id='word_1_92' title='bbox 1113 1573 1225 1650; x_wconf 81' lang='lat'>106,3</span> <span class='ocrx_word' id='word_1_93' title='bbox 1254 1572 1308 1651; x_wconf 80' lang='grc'>(11.</span> 
     </span>
     <span class='ocr_line' id='line_1_11' title="bbox 142 1676 1310 1758; baseline 0 -18"><span class='ocrx_word' id='word_1_94' title='bbox 142 1676 268 1740; x_wconf 91' lang='lat' dir='ltr'>Tricha</span> <span class='ocrx_word' id='word_1_95' title='bbox 295 1697 328 1757; x_wconf 94' lang='lat' dir='ltr'>p.</span> <span class='ocrx_word' id='word_1_96' title='bbox 358 1677 398 1739; x_wconf 91' lang='grc'>50</span> <span class='ocrx_word' id='word_1_97' title='bbox 428 1676 479 1740; x_wconf 86' lang='lat' dir='ltr'>ed.</span> <span class='ocrx_word' id='word_1_98' title='bbox 508 1676 616 1740; x_wconf 87' lang='lat' dir='ltr'>Furia.</span> <span class='ocrx_word' id='word_1_99' title='bbox 657 1676 747 1758; x_wconf 91' lang='lat' dir='ltr'>Lips.</span> <span class='ocrx_word' id='word_1_100' title='bbox 779 1677 885 1757; x_wconf 81' lang='grc'>1814).</span> <span class='ocrx_word' id='word_1_101' title='bbox 936 1677 1022 1758; x_wconf 86' lang='lat' dir='ltr'>Ergo</span> <span class='ocrx_word' id='word_1_102' title='bbox 1052 1677 1129 1740; x_wconf 90' lang='lat' dir='ltr'>inde</span> <span class='ocrx_word' id='word_1_103' title='bbox 1162 1678 1204 1740; x_wconf 92' lang='lat' dir='ltr'>ab</span> <span class='ocrx_word' id='word_1_104' title='bbox 1238 1681 1310 1740; x_wconf 91' lang='lat' dir='ltr'>arte</span> 
     </span>
     <span class='ocr_line' id='line_1_12' title="bbox 140 1779 1310 1862; baseline 0.001 -20"><span class='ocrx_word' id='word_1_105' title='bbox 140 1779 271 1844; x_wconf 89' lang='lat' dir='ltr'>musica</span> <span class='ocrx_word' id='word_1_106' title='bbox 288 1779 490 1844; x_wconf 89' lang='lat' dir='ltr'>Graecorum</span> <span class='ocrx_word' id='word_1_107' title='bbox 507 1780 737 1844; x_wconf 75' lang='lat' dir='ltr'>efflorescente</span> <span class='ocrx_word' id='word_1_108' title='bbox 753 1799 858 1862; x_wconf 90' lang='lat' dir='ltr'>usque</span> <span class='ocrx_word' id='word_1_109' title='bbox 874 1780 917 1844; x_wconf 89' lang='lat' dir='ltr'>ad</span> <span class='ocrx_word' id='word_1_110' title='bbox 939 1780 1174 1844; x_wconf 88' lang='lat' dir='ltr'>duodecimum</span> <span class='ocrx_word' id='word_1_111' title='bbox 1190 1780 1310 1844; x_wconf 86' lang='lat' dir='ltr'>saltem</span> 
     </span>
     <span class='ocr_line' id='line_1_13' title="bbox 138 1881 1309 1965; baseline 0.002 -19"><span class='ocrx_word' id='word_1_112' title='bbox 138 1904 172 1964; x_wconf 95' lang='lat' dir='ltr'>p.</span> <span class='ocrx_word' id='word_1_113' title='bbox 199 1881 277 1947; x_wconf 83' lang='lat' dir='ltr'>Chr.</span> <span class='ocrx_word' id='word_1_114' title='bbox 307 1902 340 1945; x_wconf 94' lang='lat' dir='ltr'>n.</span> <span class='ocrx_word' id='word_1_115' title='bbox 370 1882 540 1947; x_wconf 88' lang='lat' dir='ltr'>saeculum</span> <span class='ocrx_word' id='word_1_116' title='bbox 569 1883 723 1948; x_wconf 91' lang='lat' dir='ltr'>omnibus</span> <span class='ocrx_word' id='word_1_117' title='bbox 753 1883 822 1948; x_wconf 89' lang='lat' dir='ltr'>fere</span> <span class='ocrx_word' id='word_1_118' title='bbox 851 1883 988 1947; x_wconf 86' lang='lat' dir='ltr'>musicis</span> <span class='ocrx_word' id='word_1_119' title='bbox 1022 1883 1236 1965; x_wconf 89' lang='lat' dir='ltr'>metricisque</span> <span class='ocrx_word' id='word_1_120' title='bbox 1270 1905 1309 1948; x_wconf 88' lang='lat' dir='ltr'>ea</span> 
     </span>
     <span class='ocr_line' id='line_1_14' title="bbox 141 1984 1309 2070; baseline 0.001 -21"><span class='ocrx_word' id='word_1_121' title='bbox 141 2005 229 2068; x_wconf 89' lang='lat' dir='ltr'>quae</span> <span class='ocrx_word' id='word_1_122' title='bbox 260 1985 293 2048; x_wconf 92' lang='lat' dir='ltr'>in</span> <span class='ocrx_word' id='word_1_123' title='bbox 324 1985 564 2049; x_wconf 91' lang='lat' dir='ltr'>commentario</span> <span class='ocrx_word' id='word_1_124' title='bbox 594 1988 630 2049; x_wconf 91' lang='lat' dir='ltr'>in</span> <span class='ocrx_word' id='word_1_125' title='bbox 660 1987 844 2051; x_wconf 83' lang='lat' dir='ltr'>carminum</span> <span class='ocrx_word' id='word_1_126' title='bbox 867 1985 950 2048; x_wconf 81' lang='grc' dir='ltr'><strong><em>κατὰ</em></strong></span> <span class='ocrx_word' id='word_1_127' title='bbox 972 1985 1146 2070; x_wconf 73' lang='grc' dir='ltr'>περικοπὴν</span> <span class='ocrx_word' id='word_1_128' title='bbox 1169 1984 1309 2070; x_wconf 81' lang='grc' dir='ltr'>ἀνομοιο-</span> 
     </span>
     <span class='ocr_line' id='line_1_15' title="bbox 140 2087 1307 2172; baseline 0 -21"><span class='ocrx_word' id='word_1_129' title='bbox 140 2087 245 2172; x_wconf 83' lang='grc' dir='ltr'>μερῶν</span> <span class='ocrx_word' id='word_1_130' title='bbox 268 2088 493 2170; x_wconf 83' lang='lat' dir='ltr'>descriptione</span> <span class='ocrx_word' id='word_1_131' title='bbox 517 2089 637 2170; x_wconf 58' lang='lat' dir='ltr'>le&#39;gitur</span> <span class='ocrx_word' id='word_1_132' title='bbox 659 2089 812 2153; x_wconf 86' lang='lat' dir='ltr'>vocabuli</span> <span class='ocrx_word' id='word_1_133' title='bbox 828 2087 971 2172; x_wconf 80' lang='grc' dir='ltr'>περίοδος</span> <span class='ocrx_word' id='word_1_134' title='bbox 987 2089 1079 2154; x_wconf 90' lang='lat' dir='ltr'>notio</span> <span class='ocrx_word' id='word_1_135' title='bbox 1097 2090 1133 2153; x_wconf 89' lang='lat' dir='ltr'>in</span> <span class='ocrx_word' id='word_1_136' title='bbox 1147 2111 1210 2154; x_wconf 91' lang='lat' dir='ltr'>usu</span> <span class='ocrx_word' id='word_1_137' title='bbox 1226 2095 1307 2154; x_wconf 89' lang='lat' dir='ltr'>erat.</span> 
     </span>
     <span class='ocr_line' id='line_1_16' title="bbox 138 2190 1309 2274; baseline 0.003 -19"><span class='ocrx_word' id='word_1_138' title='bbox 138 2190 380 2256; x_wconf 89' lang='lat' dir='ltr'>Heliodoreum</span> <span class='ocrx_word' id='word_1_139' title='bbox 404 2191 506 2256; x_wconf 87' lang='lat' dir='ltr'>fuisse</span> <span class='ocrx_word' id='word_1_140' title='bbox 530 2194 593 2256; x_wconf 94' lang='lat' dir='ltr'>hoc</span> <span class='ocrx_word' id='word_1_141' title='bbox 614 2193 747 2257; x_wconf 88' lang='lat' dir='ltr'>dicendi</span> <span class='ocrx_word' id='word_1_142' title='bbox 770 2212 875 2274; x_wconf 89' lang='lat' dir='ltr'>genus</span> <span class='ocrx_word' id='word_1_143' title='bbox 897 2197 987 2257; x_wconf 87' lang='lat' dir='ltr'>recte</span> <span class='ocrx_word' id='word_1_144' title='bbox 1003 2193 1087 2258; x_wconf 82' lang='lat' dir='ltr'>dixit</span> <span class='ocrx_word' id='word_1_145' title='bbox 1101 2194 1224 2271; x_wconf 85' lang='lat' dir='ltr'>Hense,</span> <span class='ocrx_word' id='word_1_146' title='bbox 1249 2195 1309 2258; x_wconf 89' lang='lat' dir='ltr'>sed</span> 
     </span>
     <span class='ocr_line' id='line_1_17' title="bbox 138 2294 1309 2383; baseline 0.002 -23"><span class='ocrx_word' id='word_1_147' title='bbox 138 2295 268 2378; x_wconf 85' lang='lat' dir='ltr'>pariter</span> <span class='ocrx_word' id='word_1_148' title='bbox 290 2299 388 2378; x_wconf 85' lang='lat' dir='ltr'>atque</span> <span class='ocrx_word' id='word_1_149' title='bbox 411 2297 446 2359; x_wconf 92' lang='lat' dir='ltr'>in</span> <span class='ocrx_word' id='word_1_150' title='bbox 468 2296 638 2361; x_wconf 88' lang='lat' dir='ltr'>locutione</span> <span class='ocrx_word' id='word_1_151' title='bbox 661 2294 677 2359; x_wconf 85' lang='grc' dir='ltr'>ὁ</span> <span class='ocrx_word' id='word_1_152' title='bbox 701 2297 810 2383; x_wconf 73' lang='grc' dir='ltr'>ἴαμβος</span> <span class='ocrx_word' id='word_1_153' title='bbox 825 2317 888 2379; x_wconf 93' lang='lat' dir='ltr'>pro</span> <span class='ocrx_word' id='word_1_154' title='bbox 904 2298 1037 2362; x_wconf 87' lang='lat' dir='ltr'>senario</span> <span class='ocrx_word' id='word_1_155' title='bbox 1054 2297 1196 2361; x_wconf 85' lang='lat' dir='ltr'>iambico</span> <span class='ocrx_word' id='word_1_156' title='bbox 1212 2318 1309 2362; x_wconf 93' lang='lat' dir='ltr'>usur·</span> 
     </span>
     <span class='ocr_line' id='line_1_18' title="bbox 138 2399 1307 2482; baseline 0 -20"><span class='ocrx_word' id='word_1_157' title='bbox 138 2403 220 2481; x_wconf 86' lang='lat' dir='ltr'>pata</span> <span class='ocrx_word' id='word_1_158' title='bbox 245 2400 359 2463; x_wconf 92' lang='lat' dir='ltr'>nescio</span> <span class='ocrx_word' id='word_1_159' title='bbox 383 2419 448 2481; x_wconf 93' lang='lat' dir='ltr'>quo</span> <span class='ocrx_word' id='word_1_160' title='bbox 471 2403 569 2481; x_wconf 85' lang='lat' dir='ltr'>pacto</span> <span class='ocrx_word' id='word_1_161' title='bbox 594 2400 740 2482; x_wconf 85' lang='lat' dir='ltr'>neglexit</span> <span class='ocrx_word' id='word_1_162' title='bbox 756 2400 898 2464; x_wconf 86' lang='lat' dir='ltr'>eandem</span> <span class='ocrx_word' id='word_1_163' title='bbox 915 2399 1191 2466; x_wconf 89' lang='lat' dir='ltr'>consuetudinem</span> <span class='ocrx_word' id='word_1_164' title='bbox 1208 2401 1307 2465; x_wconf 88' lang='lat' dir='ltr'>etiarn</span> 
     </span>
     <span class='ocr_line' id='line_1_19' title="bbox 140 2502 1308 2585; baseline 0.001 -20"><span class='ocrx_word' id='word_1_165' title='bbox 140 2503 257 2566; x_wconf 88' lang='lat' dir='ltr'>multis</span> <span class='ocrx_word' id='word_1_166' title='bbox 280 2503 354 2566; x_wconf 85' lang='lat' dir='ltr'>aliis</span> <span class='ocrx_word' id='word_1_167' title='bbox 379 2502 492 2566; x_wconf 88' lang='lat' dir='ltr'>fuisse.</span> <span class='ocrx_word' id='word_1_168' title='bbox 537 2502 672 2568; x_wconf 89' lang='lat' dir='ltr'>Minime</span> <span class='ocrx_word' id='word_1_169' title='bbox 697 2503 794 2585; x_wconf 86' lang='lat' dir='ltr'>igitur</span> <span class='ocrx_word' id='word_1_170' title='bbox 817 2505 882 2567; x_wconf 90' lang='lat' dir='ltr'>hoc</span> <span class='ocrx_word' id='word_1_171' title='bbox 906 2504 979 2567; x_wconf 92' lang='lat' dir='ltr'>solo</span> <span class='ocrx_word' id='word_1_172' title='bbox 1002 2504 1131 2584; x_wconf 91' lang='lat' dir='ltr'>periodi</span> <span class='ocrx_word' id='word_1_173' title='bbox 1154 2504 1308 2567; x_wconf 87' lang='grc'>1111111-</span> 
     </span>
     <span class='ocr_line' id='line_1_20' title="bbox 140 2606 1307 2689; baseline 0.001 -19"><span class='ocrx_word' id='word_1_174' title='bbox 140 2608 230 2671; x_wconf 88' lang='lat' dir='ltr'>citur</span> <span class='ocrx_word' id='word_1_175' title='bbox 258 2606 489 2671; x_wconf 86' lang='lat' dir='ltr'>commentarii</span> <span class='ocrx_word' id='word_1_176' title='bbox 519 2608 718 2689; x_wconf 86' lang='lat' dir='ltr'>scriptorem</span> <span class='ocrx_word' id='word_1_177' title='bbox 747 2607 921 2672; x_wconf 87' lang='lat' dir='ltr'>Heliodori</span> <span class='ocrx_word' id='word_1_178' title='bbox 956 2608 1060 2672; x_wconf 91' lang='lat' dir='ltr'>libros</span> <span class='ocrx_word' id='word_1_179' title='bbox 1091 2608 1307 2689; x_wconf 84' lang='lat' dir='ltr'>compilasse:</span> 
     </span>
     <span class='ocr_line' id='line_1_21' title="bbox 140 2711 1307 2792; baseline -0.003 -17"><span class='ocrx_word' id='word_1_180' title='bbox 140 2712 208 2775; x_wconf 91' lang='grc'>1111</span> <span class='ocrx_word' id='word_1_181' title='bbox 235 2730 337 2775; x_wconf 90' lang='lat' dir='ltr'>unum</span> <span class='ocrx_word' id='word_1_182' title='bbox 367 2712 592 2775; x_wconf 86' lang='lat' dir='ltr'>concesserim</span> <span class='ocrx_word' id='word_1_183' title='bbox 621 2730 706 2788; x_wconf 89' lang='lat' dir='ltr'>eum,</span> <span class='ocrx_word' id='word_1_184' title='bbox 735 2715 770 2774; x_wconf 91' lang='lat' dir='ltr'>ut</span> <span class='ocrx_word' id='word_1_185' title='bbox 799 2711 833 2775; x_wconf 96' lang='lat' dir='ltr'>in</span> <span class='ocrx_word' id='word_1_186' title='bbox 861 2712 927 2775; x_wconf 88' lang='lat' dir='ltr'>hoc</span> <span class='ocrx_word' id='word_1_187' title='bbox 949 2712 1161 2792; x_wconf 90' lang='lat' dir='ltr'>potissimum</span> <span class='ocrx_word' id='word_1_188' title='bbox 1186 2729 1307 2790; x_wconf 81' lang='lat' dir='ltr'>genere</span> 
     </span>
     <span class='ocr_line' id='line_1_22' title="bbox 138 2812 1308 2896; baseline -0.003 -18"><span class='ocrx_word' id='word_1_189' title='bbox 138 2814 273 2896; x_wconf 85' lang='lat' dir='ltr'>periodi</span> <span class='ocrx_word' id='word_1_190' title='bbox 301 2813 499 2878; x_wconf 88' lang='lat' dir='ltr'>vocabulum</span> <span class='ocrx_word' id='word_1_191' title='bbox 529 2814 694 2895; x_wconf 81' lang='lat' dir='ltr'>seligeret,</span> <span class='ocrx_word' id='word_1_192' title='bbox 728 2814 908 2888; x_wconf 87' lang='lat' dir='ltr'>adductum</span> <span class='ocrx_word' id='word_1_193' title='bbox 936 2835 1110 2878; x_wconf 82' lang='lat' dir='ltr'>esserum</span> <span class='ocrx_word' id='word_1_194' title='bbox 1139 2834 1189 2890; x_wconf 90' lang='lat' dir='ltr'>eo,</span> <span class='ocrx_word' id='word_1_195' title='bbox 1218 2812 1308 2894; x_wconf 91' lang='lat' dir='ltr'>quod</span> 
     </span>
     <span class='ocr_line' id='line_1_23' title="bbox 137 2908 1308 3000; baseline -0.002 -20"><span class='ocrx_word' id='word_1_196' title='bbox 137 2916 341 2981; x_wconf 81' lang='lat' dir='ltr'>vocabulum</span> <span class='ocrx_word' id='word_1_197' title='bbox 371 2911 514 3000; x_wconf 78' lang='grc' dir='ltr'>σύστημα</span> <span class='ocrx_word' id='word_1_198' title='bbox 543 2917 641 2980; x_wconf 87' lang='lat' dir='ltr'>etiarn</span> <span class='ocrx_word' id='word_1_199' title='bbox 672 2917 733 2981; x_wconf 88' lang='lat' dir='ltr'>toti</span> <span class='ocrx_word' id='word_1_200' title='bbox 763 2917 904 2981; x_wconf 88' lang='lat' dir='ltr'>carmini</span> <span class='ocrx_word' id='word_1_201' title='bbox 932 2915 1014 2979; x_wconf 83' lang='grc' dir='ltr'><strong><em>κατὰ</em></strong></span> <span class='ocrx_word' id='word_1_202' title='bbox 1042 2915 1215 3000; x_wconf 72' lang='grc' dir='ltr'>περικοπὴν</span> <span class='ocrx_word' id='word_1_203' title='bbox 1238 2908 1308 2980; x_wconf 79' lang='grc' dir='ltr'>οἶνο-</span> 
     </span>
     <span class='ocr_line' id='line_1_24' title="bbox 142 3020 1306 3105; baseline -0.002 -22"><span class='ocrx_word' id='word_1_204' title='bbox 142 3028 306 3105; x_wconf 78' lang='grc' dir='ltr'>μοιομερεῖ</span> <span class='ocrx_word' id='word_1_205' title='bbox 331 3020 530 3102; x_wconf 85' lang='lat' dir='ltr'>appellando</span> <span class='ocrx_word' id='word_1_206' title='bbox 560 3020 764 3084; x_wconf 88' lang='lat' dir='ltr'>inserviebat</span> <span class='ocrx_word' id='word_1_207' title='bbox 791 3020 833 3100; x_wconf 82' lang='grc' dir='ltr'>(ν.</span> <span class='ocrx_word' id='word_1_208' title='bbox 861 3040 894 3101; x_wconf 92' lang='lat' dir='ltr'>p.</span> <span class='ocrx_word' id='word_1_209' title='bbox 922 3021 1036 3084; x_wconf 85' lang='lat' dir='ltr'>XXVll</span> <span class='ocrx_word' id='word_1_210' title='bbox 1068 3021 1129 3101; x_wconf 80' lang='grc'>14),</span> <span class='ocrx_word' id='word_1_211' title='bbox 1163 3024 1233 3084; x_wconf 91' lang='lat' dir='ltr'>tum</span> <span class='ocrx_word' id='word_1_212' title='bbox 1256 3039 1306 3097; x_wconf 89' lang='lat' dir='ltr'>e0,</span> 
     </span>
     <span class='ocr_line' id='line_1_25' title="bbox 140 3123 1307 3206; baseline -0.001 -20"><span class='ocrx_word' id='word_1_213' title='bbox 140 3123 234 3206; x_wconf 90' lang='lat' dir='ltr'>quod</span> <span class='ocrx_word' id='word_1_214' title='bbox 262 3123 433 3187; x_wconf 90' lang='lat' dir='ltr'>Heliodori</span> <span class='ocrx_word' id='word_1_215' title='bbox 462 3123 656 3187; x_wconf 88' lang='lat' dir='ltr'>colometria</span> <span class='ocrx_word' id='word_1_216' title='bbox 685 3123 933 3204; x_wconf 77' lang='lat' dir='ltr'>Aristophaneo</span> <span class='ocrx_word' id='word_1_217' title='bbox 963 3158 999 3168; x_wconf 92' lang='lat'>-·</span> <span class='ocrx_word' id='word_1_218' title='bbox 1038 3143 1116 3187; x_wconf 86' lang='lat' dir='ltr'>nam</span> <span class='ocrx_word' id='word_1_219' title='bbox 1145 3123 1187 3187; x_wconf 91' lang='lat' dir='ltr'>ad</span> <span class='ocrx_word' id='word_1_220' title='bbox 1209 3142 1307 3204; x_wconf 84' lang='lat' dir='ltr'>para·</span> 
     </span>
     <span class='ocr_line' id='line_1_26' title="bbox 138 3226 1307 3308; baseline -0.004 -17"><span class='ocrx_word' id='word_1_221' title='bbox 138 3226 241 3291; x_wconf 85' lang='lat' dir='ltr'>basin</span> <span class='ocrx_word' id='word_1_222' title='bbox 264 3227 328 3289; x_wconf 91' lang='lat' dir='ltr'>hoc</span> <span class='ocrx_word' id='word_1_223' title='bbox 351 3246 455 3306; x_wconf 86' lang='lat' dir='ltr'>genus</span> <span class='ocrx_word' id='word_1_224' title='bbox 479 3230 631 3307; x_wconf 84' lang='lat' dir='ltr'>spectare</span> <span class='ocrx_word' id='word_1_225' title='bbox 655 3227 689 3290; x_wconf 91' lang='lat' dir='ltr'>in</span> <span class='ocrx_word' id='word_1_226' title='bbox 712 3226 889 3308; x_wconf 89' lang='lat' dir='ltr'>propatulo</span> <span class='ocrx_word' id='word_1_227' title='bbox 913 3230 965 3290; x_wconf 87' lang='lat' dir='ltr'>est</span> <span class='ocrx_word' id='word_1_228' title='bbox 979 3263 1021 3275; x_wconf 91' lang='lat'>—</span> <span class='ocrx_word' id='word_1_229' title='bbox 1042 3226 1204 3290; x_wconf 85' lang='lat' dir='ltr'>vocabula</span> <span class='ocrx_word' id='word_1_230' title='bbox 1224 3245 1307 3308; x_wconf 73' lang='lat' dir='ltr'>ospr-</span> 
     </span>
     <span class='ocr_line' id='line_1_27' title="bbox 140 3327 954 3412; baseline 0 -19"><span class='ocrx_word' id='word_1_231' title='bbox 140 3327 229 3411; x_wconf 70' lang='grc' dir='ltr'>κοπή</span> <span class='ocrx_word' id='word_1_232' title='bbox 254 3335 285 3393; x_wconf 87' lang='grc'>11</span> <span class='ocrx_word' id='word_1_233' title='bbox 308 3328 450 3412; x_wconf 82' lang='grc' dir='ltr'>περίοδος</span> <span class='ocrx_word' id='word_1_234' title='bbox 479 3328 727 3411; x_wconf 86' lang='lat' dir='ltr'>quodammodo</span> <span class='ocrx_word' id='word_1_235' title='bbox 752 3328 954 3393; x_wconf 89' lang='lat' dir='ltr'>coaluerant.</span> 
     </span>
    </p>
   </div>
   <div class='ocr_carea' id='block_1_3' title="bbox 137 3448 1307 4049">
    <p class='ocr_par' dir='ltr' id='par_1_3' title="bbox 137 3448 1307 4049">
     <span class='ocr_line' id='line_1_28' title="bbox 230 3448 1306 3532; baseline 0.002 -21"><span class='ocrx_word' id='word_1_236' title='bbox 230 3449 458 3532; x_wconf 90' lang='lat' dir='ltr'>Westphalius</span> <span class='ocrx_word' id='word_1_237' title='bbox 494 3452 526 3513; x_wconf 93' lang='lat' dir='ltr'>et</span> <span class='ocrx_word' id='word_1_238' title='bbox 560 3449 594 3512; x_wconf 91' lang='lat' dir='ltr'>in</span> <span class='ocrx_word' id='word_1_239' title='bbox 625 3448 856 3512; x_wconf 87' lang='lat' dir='ltr'>commentarii</span> <span class='ocrx_word' id='word_1_240' title='bbox 886 3449 898 3512; x_wconf 98' lang='lat' dir='ltr'>l</span> <span class='ocrx_word' id='word_1_241' title='bbox 927 3450 1016 3514; x_wconf 82' lang='lat' dir='ltr'>exitu</span> <span class='ocrx_word' id='word_1_242' title='bbox 1046 3454 1078 3513; x_wconf 88' lang='lat' dir='ltr'>et</span> <span class='ocrx_word' id='word_1_243' title='bbox 1113 3450 1145 3512; x_wconf 93' lang='lat' dir='ltr'>in</span> <span class='ocrx_word' id='word_1_244' title='bbox 1168 3450 1306 3514; x_wconf 84' lang='lat' dir='ltr'>alterius</span> 
     </span>
     <span class='ocr_line' id='line_1_29' title="bbox 142 3552 1307 3636; baseline -0.001 -18"><span class='ocrx_word' id='word_1_245' title='bbox 142 3553 242 3619; x_wconf 92' lang='lat' dir='ltr'>initio</span> <span class='ocrx_word' id='word_1_246' title='bbox 276 3554 470 3616; x_wconf 86' lang='lat' dir='ltr'>lacunarum</span> <span class='ocrx_word' id='word_1_247' title='bbox 505 3552 601 3635; x_wconf 87' lang='lat' dir='ltr'>signa</span> <span class='ocrx_word' id='word_1_248' title='bbox 633 3552 753 3634; x_wconf 85' lang='lat' dir='ltr'>posuit,</span> <span class='ocrx_word' id='word_1_249' title='bbox 789 3553 822 3615; x_wconf 92' lang='lat' dir='ltr'>in</span> <span class='ocrx_word' id='word_1_250' title='bbox 857 3553 1174 3617; x_wconf 87' lang='lat' dir='ltr'>commentariorum</span> <span class='ocrx_word' id='word_1_251' title='bbox 1203 3553 1307 3636; x_wconf 79' lang='lat' dir='ltr'>inter·</span> 
     </span>
     <span class='ocr_line' id='line_1_30' title="bbox 138 3654 1307 3741; baseline -0.001 -20"><span class='ocrx_word' id='word_1_252' title='bbox 138 3656 333 3741; x_wconf 89' lang='lat' dir='ltr'>pretatione</span> <span class='ocrx_word' id='word_1_253' title='bbox 351 3656 480 3737; x_wconf 82' lang='lat' dir='ltr'>(Metrilr</span> <span class='ocrx_word' id='word_1_254' title='bbox 495 3654 526 3719; x_wconf 84' lang='lat'>1·</span> <span class='ocrx_word' id='word_1_255' title='bbox 539 3676 570 3737; x_wconf 93' lang='lat' dir='ltr'>p.</span> <span class='ocrx_word' id='word_1_256' title='bbox 591 3656 663 3736; x_wconf 83' lang='grc'>186)</span> <span class='ocrx_word' id='word_1_257' title='bbox 687 3656 992 3720; x_wconf 87' lang='lat' dir='ltr'>commentariuml</span> <span class='ocrx_word' id='word_1_258' title='bbox 1013 3656 1048 3718; x_wconf 92' lang='lat' dir='ltr'>in</span> <span class='ocrx_word' id='word_1_259' title='bbox 1068 3656 1142 3734; x_wconf 90' lang='lat' dir='ltr'>fine,</span> <span class='ocrx_word' id='word_1_260' title='bbox 1165 3656 1307 3720; x_wconf 91' lang='lat' dir='ltr'>alterum</span> 
     </span>
     <span class='ocr_line' id='line_1_31' title="bbox 137 3758 1306 3841; baseline -0.003 -16"><span class='ocrx_word' id='word_1_261' title='bbox 137 3762 175 3825; x_wconf 90' lang='lat' dir='ltr'>in</span> <span class='ocrx_word' id='word_1_262' title='bbox 201 3758 296 3823; x_wconf 87' lang='lat' dir='ltr'>initio</span> <span class='ocrx_word' id='word_1_263' title='bbox 320 3758 492 3824; x_wconf 84' lang='lat' dir='ltr'>mutilatus</span> <span class='ocrx_word' id='word_1_264' title='bbox 516 3778 591 3823; x_wconf 90' lang='lat' dir='ltr'>esse</span> <span class='ocrx_word' id='word_1_265' title='bbox 613 3759 787 3841; x_wconf 87' lang='lat' dir='ltr'>professus</span> <span class='ocrx_word' id='word_1_266' title='bbox 812 3763 872 3823; x_wconf 92' lang='lat' dir='ltr'>est.</span> <span class='ocrx_word' id='word_1_267' title='bbox 924 3761 1038 3841; x_wconf 87' lang='lat' dir='ltr'>Aeque</span> <span class='ocrx_word' id='word_1_268' title='bbox 1060 3758 1206 3823; x_wconf 89' lang='lat' dir='ltr'>Hensius</span> <span class='ocrx_word' id='word_1_269' title='bbox 1229 3760 1250 3822; x_wconf 91' lang='lat' dir='ltr'>l.</span> <span class='ocrx_word' id='word_1_270' title='bbox 1276 3779 1306 3822; x_wconf 87' lang='lat' dir='ltr'>c.</span> 
     </span>
     <span class='ocr_line' id='line_1_32' title="bbox 138 3861 1306 3947; baseline -0.002 -20"><span class='ocrx_word' id='word_1_271' title='bbox 138 3886 172 3947; x_wconf 91' lang='lat' dir='ltr'>p.</span> <span class='ocrx_word' id='word_1_272' title='bbox 201 3864 261 3927; x_wconf 86' lang='lat'>155</span> <span class='ocrx_word' id='word_1_273' title='bbox 296 3862 382 3925; x_wconf 88' lang='lat' dir='ltr'>inter</span> <span class='ocrx_word' id='word_1_274' title='bbox 410 3861 556 3944; x_wconf 89' lang='lat' dir='ltr'>priorem</span> <span class='ocrx_word' id='word_1_275' title='bbox 585 3861 792 3945; x_wconf 88' lang='lat' dir='ltr'>alterumque</span> <span class='ocrx_word' id='word_1_276' title='bbox 822 3862 1083 3927; x_wconf 89' lang='lat' dir='ltr'>commentarios</span> <span class='ocrx_word' id='word_1_277' title='bbox 1113 3882 1192 3926; x_wconf 85' lang='lat' dir='ltr'>casu</span> <span class='ocrx_word' id='word_1_278' title='bbox 1221 3882 1306 3926; x_wconf 92' lang='lat' dir='ltr'>non-</span> 
     </span>
     <span class='ocr_line' id='line_1_33' title="bbox 137 3964 1306 4049; baseline -0.003 -17"><span class='ocrx_word' id='word_1_279' title='bbox 137 3966 234 4032; x_wconf 92' lang='lat' dir='ltr'>nulla</span> <span class='ocrx_word' id='word_1_280' title='bbox 257 3965 338 4029; x_wconf 83' lang='lat' dir='ltr'>tolia</span> <span class='ocrx_word' id='word_1_281' title='bbox 359 3964 393 4029; x_wconf 88' lang='lat' dir='ltr'>in</span> <span class='ocrx_word' id='word_1_282' title='bbox 416 3966 595 4049; x_wconf 87' lang='lat' dir='ltr'>archetypo</span> <span class='ocrx_word' id='word_1_283' title='bbox 618 3964 785 4029; x_wconf 90' lang='lat' dir='ltr'>interiisse</span> <span class='ocrx_word' id='word_1_284' title='bbox 809 3966 949 4030; x_wconf 91' lang='lat' dir='ltr'>censuit.</span> <span class='ocrx_word' id='word_1_285' title='bbox 993 3967 1150 4031; x_wconf 87' lang='lat' dir='ltr'>Attamen</span> <span class='ocrx_word' id='word_1_286' title='bbox 1163 3966 1196 4030; x_wconf 94' lang='lat' dir='ltr'>in</span> <span class='ocrx_word' id='word_1_287' title='bbox 1214 3986 1306 4029; x_wconf 91' lang='lat' dir='ltr'>corn·</span> 
     </span>
    </p>
   </div>
   <div class='ocr_carea' id='block_1_4' title="bbox 134 4239 1306 4661">
    <p class='ocr_par' dir='ltr' id='par_1_4' title="bbox 231 4239 762 4309">
     <span class='ocr_line' id='line_1_34' title="bbox 231 4239 762 4309; baseline 0.004 -17"><span class='ocrx_word' id='word_1_288' title='bbox 231 4239 252 4309; x_wconf 87' lang='lat'>¹)</span> <span class='ocrx_word' id='word_1_289' title='bbox 271 4241 304 4293; x_wconf 89' lang='lat' dir='ltr'>cl.</span> <span class='ocrx_word' id='word_1_290' title='bbox 324 4257 346 4293; x_wconf 92' lang='lat' dir='ltr'>e.</span> <span class='ocrx_word' id='word_1_291' title='bbox 367 4258 391 4307; x_wconf 85' lang='lat' dir='ltr'>g.</span> <span class='ocrx_word' id='word_1_292' title='bbox 411 4241 595 4294; x_wconf 87' lang='lat' dir='ltr'>Choerobosc.</span> <span class='ocrx_word' id='word_1_293' title='bbox 615 4258 640 4309; x_wconf 92' lang='lat' dir='ltr'>p.</span> <span class='ocrx_word' id='word_1_294' title='bbox 659 4241 701 4302; x_wconf 73' lang='lat'>34,</span> <span class='ocrx_word' id='word_1_295' title='bbox 722 4240 762 4294; x_wconf 88' lang='grc'>16.</span> 
     </span>
    </p>

    <p class='ocr_par' dir='ltr' id='par_1_5' title="bbox 134 4326 1306 4486">
     <span class='ocr_line' id='line_1_35' title="bbox 228 4326 1306 4397; baseline 0 -16"><span class='ocrx_word' id='word_1_296' title='bbox 228 4326 251 4397; x_wconf 82' lang='lat'>²)</span> <span class='ocrx_word' id='word_1_297' title='bbox 270 4329 303 4381; x_wconf 85' lang='lat' dir='ltr'>cf.</span> <span class='ocrx_word' id='word_1_298' title='bbox 332 4329 401 4383; x_wconf 85' lang='lat' dir='ltr'>Guil.</span> <span class='ocrx_word' id='word_1_299' title='bbox 427 4330 662 4383; x_wconf 88' lang='lat' dir='ltr'>Hoerschelmann</span> <span class='ocrx_word' id='word_1_300' title='bbox 689 4329 739 4382; x_wconf 88' lang='lat' dir='ltr'>Ein</span> <span class='ocrx_word' id='word_1_301' title='bbox 764 4328 1306 4397; x_wconf 67' lang='grc'>3111111.1111511111111111111011-</span> 
     </span>
     <span class='ocr_line' id='line_1_36' title="bbox 134 4412 737 4486; baseline -0.002 -16"><span class='ocrx_word' id='word_1_302' title='bbox 134 4422 196 4486; x_wconf 87' lang='lat' dir='ltr'>pat.</span> <span class='ocrx_word' id='word_1_303' title='bbox 218 4412 295 4483; x_wconf 88' lang='grc'>1888)</span> <span class='ocrx_word' id='word_1_304' title='bbox 314 4432 339 4483; x_wconf 89' lang='lat' dir='ltr'>p.</span> <span class='ocrx_word' id='word_1_305' title='bbox 358 4416 392 4469; x_wconf 89' lang='grc'>15</span> <span class='ocrx_word' id='word_1_306' title='bbox 411 4432 471 4484; x_wconf 86' lang='lat' dir='ltr'>sqq.</span> <span class='ocrx_word' id='word_1_307' title='bbox 490 4416 524 4469; x_wconf 72' lang='lat'>46</span> <span class='ocrx_word' id='word_1_308' title='bbox 543 4432 605 4483; x_wconf 91' lang='lat' dir='ltr'>sqq.</span> <span class='ocrx_word' id='word_1_309' title='bbox 623 4418 657 4469; x_wconf 87' lang='grc'>65</span> <span class='ocrx_word' id='word_1_310' title='bbox 676 4432 737 4484; x_wconf 91' lang='lat' dir='ltr'>sqq.</span> 
     </span>
    </p>

    <p class='ocr_par' dir='ltr' id='par_1_6' title="bbox 136 4502 1306 4661">
     <span class='ocr_line' id='line_1_37' title="bbox 229 4502 1306 4572; baseline 0.002 -17"><span class='ocrx_word' id='word_1_311' title='bbox 229 4502 250 4571; x_wconf 83' lang='lat'>³)</span> <span class='ocrx_word' id='word_1_312' title='bbox 270 4503 304 4555; x_wconf 87' lang='lat' dir='ltr'>cl.</span> <span class='ocrx_word' id='word_1_313' title='bbox 328 4502 482 4556; x_wconf 81' lang='lat' dir='ltr'>Aristoxen.</span> <span class='ocrx_word' id='word_1_314' title='bbox 501 4502 529 4555; x_wconf 92' lang='lat' dir='ltr'>in</span> <span class='ocrx_word' id='word_1_315' title='bbox 547 4503 699 4571; x_wconf 85' lang='lat' dir='ltr'>Westphal.</span> <span class='ocrx_word' id='word_1_316' title='bbox 720 4503 820 4569; x_wconf 85' lang='lat' dir='ltr'>griech.</span> <span class='ocrx_word' id='word_1_317' title='bbox 839 4503 990 4571; x_wconf 84' lang='lat' dir='ltr'>Rhythmilr</span> <span class='ocrx_word' id='word_1_318' title='bbox 1009 4503 1050 4557; x_wconf 87' lang='lat' dir='ltr'>cd.</span> <span class='ocrx_word' id='word_1_319' title='bbox 1070 4504 1107 4556; x_wconf 94' lang='lat' dir='ltr'>lll</span> <span class='ocrx_word' id='word_1_320' title='bbox 1125 4502 1209 4572; x_wconf 88' lang='lat' dir='ltr'>(Lips.</span> <span class='ocrx_word' id='word_1_321' title='bbox 1229 4502 1306 4571; x_wconf 86' lang='grc'>1885)</span> 
     </span>
     <span class='ocr_line' id='line_1_38' title="bbox 136 4589 1294 4661; baseline -0.001 -17"><span class='ocrx_word' id='word_1_322' title='bbox 136 4610 165 4661; x_wconf 90' lang='lat' dir='ltr'>p.</span> <span class='ocrx_word' id='word_1_323' title='bbox 190 4590 240 4642; x_wconf 85' lang='lat'>119</span> <span class='ocrx_word' id='word_1_324' title='bbox 259 4593 307 4641; x_wconf 75' lang='grc' dir='ltr'>καὶ</span> <span class='ocrx_word' id='word_1_325' title='bbox 319 4592 373 4641; x_wconf 77' lang='grc' dir='ltr'>ἔστι</span> <span class='ocrx_word' id='word_1_326' title='bbox 386 4590 487 4656; x_wconf 70' lang='grc' dir='ltr'>ῥυθμός</span> <span class='ocrx_word' id='word_1_327' title='bbox 561 4589 681 4657; x_wconf 77' lang='grc' dir='ltr'>σύστημοὶ</span> <span class='ocrx_word' id='word_1_328' title='bbox 698 4607 722 4642; x_wconf 85' lang='grc' dir='ltr'>τι</span> <span class='ocrx_word' id='word_1_329' title='bbox 740 4594 910 4657; x_wconf 82' lang='grc' dir='ltr'>συγκείμενον</span> <span class='ocrx_word' id='word_1_330' title='bbox 927 4594 960 4643; x_wconf 77' lang='grc' dir='ltr'>ἐκ</span> <span class='ocrx_word' id='word_1_331' title='bbox 978 4590 1028 4642; x_wconf 81' lang='grc' dir='ltr'>τῶν</span> <span class='ocrx_word' id='word_1_332' title='bbox 1050 4592 1167 4643; x_wconf 75' lang='grc' dir='ltr'>ποδικῶν</span> <span class='ocrx_word' id='word_1_333' title='bbox 1184 4589 1294 4657; x_wconf 85' lang='grc' dir='ltr'>χρόνων.</span> 
     </span>
    </p>
   </div>
   <div class='ocr_carea' id='block_1_5' title="bbox 0 0 1734 5200">
    <p class='ocr_par' dir='ltr' id='par_1_7' title="bbox 0 0 1734 5200">
     <span class='ocr_line' id='line_1_39' title="bbox 0 0 1734 5200; baseline 0 2"><span class='ocrx_word' id='word_1_334' title='bbox 0 0 1734 5200; x_wconf 95' lang='lat' dir='ltr'> </span> 
     </span>
    </p>
   </div>
  </div>
 </body>
</html>
