3459 5200
780 371 825 436 35

695 460 909 469 -ι

274 568 358 652 φίλε
380 568 549 653 κασίγνητε,
572 571 692 652 κόριοαί
714 571 747 630 τέ
770 588 816 653 ρο,
840 566 894 638 δδς
915 566 948 630 δέ
969 589 1021 652 μοι
1039 564 1150 640 ἵππους
1173 566 1246 646 <Ε
1269 567 1335 633 359
1343 572 1394 652 >,

182 673 232 737 διδ
259 669 352 738 καὶὸ
376 669 615 760 Ἀσκαλωνίτης,
644 673 727 760 φασί,
755 677 899 758 περιέσπα
919 677 955 738 τδ
982 677 1034 738 dl.
1080 671 1130 738 cf.
1153 673 1195 740 ld
1216 673 1328 757 Baege
1351 673 1417 741 tl

184 800 219 865 c·
248 780 319 848 180·
898 863 901 866 ,

276 884 364 969 Ergo
392 884 502 951 docuit
530 884 736 952 Ptolemaeus
768 883 1044 951 vocabulorum
1076 893 1263 952 accentus
1295 907 1341 954 ex
1372 905 1417 953 oa

181 1012 300 1076 quam
327 991 513 1057 Homerus
540 990 702 1057 admisit
729 991 923 1059 vocalium
955 997 1039 1053 All
1067 993 1293 1075 quantitate
1320 1013 1417 1060 com·

185 1097 397 1165 mutandos
421 1117 518 1165 esse.
563 1097 647 1166 Nam
671 1117 742 1164 cum
766 1097 827 1164 boc
850 1098 922 1165 loco
945 1098 1036 1165 vocis
1059 1099 1127 1186 pita
1154 1098 1294 1184 priorem
1318 1099 1415 1185 sylla-

187 1204 265 1270 bam
288 1211 399 1270 contm
423 1225 515 1271 usum
539 1223 737 1271 communem
761 1205 804 1270 ab
826 1205 967 1271 Homero
994 1204 1184 1290 productam
1208 1224 1283 1273 esse
1306 1207 1415 1272 existi-

185 1319 301 1390 maret
327 1332 368 1378 ex
391 1311 454 1378 bac
476 1311 658 1395 quantitate
680 1311 828 1380 vocalem
851 1321 865 1374 1
889 1320 1026 1378 accentu
1048 1311 1254 1378 circumflexo
1267 1311 1417 1395 insigniri

184 1418 290 1485 iussit.

276 1523 605 1591 Animadvertendum
629 1532 678 1591 est
700 1544 764 1591 uno
788 1524 850 1590 boc
879 1524 922 1591 de
953 1545 1016 1609 quo
1048 1525 1158 1610 agitur
1188 1525 1261 1591 loco
1293 1524 1416 1593 diserte

186 1630 273 1696 tradi
296 1630 518 1697 Alexandrina
541 1639 652 1698 aetate
674 1631 906 1698 vocabulorum
934 1638 1087 1698 accentus
1115 1651 1157 1697 ex
1185 1651 1226 1698 ea
1254 1633 1414 1699 vocalium

189 1741 269 1803 All·
290 1756 441 1804 mensura
464 1759 561 1822 quam
584 1747 702 1824 poetae
724 1739 817 1805 metri
841 1757 943 1805 causa
970 1744 1207 1825 usurpaverunt
1240 1747 1414 1804 consumta·

181 1853 237 1911 tos
261 1865 344 1912 esso.
391 1844 564 1930 Byzantini
597 1853 716 1931 poetae
749 1845 943 1930 saepissime
975 1851 1144 1912 accentum
1176 1845 1416 1912 circumflexum

182 1960 323 2018 ‚accentu
347 1959 443 2018 acuto
466 1959 681 2028 mutaverunt,
706 1951 734 2018 si
758 1950 966 2018 circumflexa
989 1951 1128 2037 syllaba,
1156 1971 1242 2036 quae
1269 1952 1415 2019 vocalem

189 2069 211 2121 A
234 2058 284 2126 vel
311 2068 323 2122 1
346 2057 399 2126 vel
422 2063 445 2118 Τ
468 2058 663 2136 continebat,
687 2059 796 2124 brevis
820 2056 971 2143 syllabae
993 2059 1064 2124 loco
1087 2066 1245 2144 usurpata
1262 2067 1347 2142 crat;
1372 2060 1413 2126 ci.

185 2164 345 2234 Isidorum
369 2165 507 2249 Hilberg
529 2165 561 2266 in
585 2165 715 2232 Wiener
739 2153 876 2232 'Studien
898 2165 961 2232 vol.
978 2165 1057 2230 Vlll
1079 2164 1233 2248 (Vindob.
1263 2168 1358 2246 1886)
1382 2189 1414 2254 p.

187 2275 252 2342 292
276 2277 309 2340 et
331 2273 395 2338 vol.
419 2273 451 2338 X
475 2273 531 2356 (ib.
559 2275 655 2351 1888)
679 2292 710 2358 p.
736 2273 779 2340 82
802 2292 850 2356 sq.

276 2380 333 2447 Eis
357 2380 579 2464 grammaticis
602 2380 659 2464 qui
686 2387 762 2447 ante
794 2380 1016 2446 Ptolemaeum
1047 2379 1137 2447 vocis
1171 2383 1238 2468 ptis
1270 2379 1311 2461 (a
1334 2381 1416 2466 359)

182 2495 358 2554 προσοίσω
380 2509 445 2555 non
468 2493 752 2567 commutaverunt,
777 2486 959 2553 docendum
986 2495 1057 2553 erat
1083 2487 1257 2552 Homerum
1286 2506 1415 2572 compo·

187 2594 292 2661 suisse
314 2616 452 2680 versum
476 2595 568 2662 cuius
590 2616 650 2682 pes
672 2595 795 2682 primus
820 2614 883 2663 uno
905 2602 1005 2684 χρόνῳ
1028 2601 1138 2682 πρώτῳ
1161 2594 1290 2661 brevior
1313 2603 1412 2661 osset

76 2730 84 2745 ·
184 2700 251 2768 Sed
275 2701 373 2767 etiam
396 2709 471 2788 post
492 2701 715 2768 Ptolemaeum
729 2702 864 2785 luerunt,
890 2702 946 2786 qui
960 2700 1046 2767 idem
1061 2702 1231 2784 sentirent3
1255 2701 1297 2769 cf.
1312 2701 1413 2767 schol.

182 2807 310 2873 Townl.
335 2807 380 2873 ad
402 2808 431 2874 X
455 2810 520 2877 379
553 2808 678 2895 ἐπειδὴ
711 2806 789 2875 τόνδ’
823 2807 919 2894 ἄνδρα
949 2812 1018 2875 brol
1048 2810 1248 2895 δαμάσασθαι
1278 2808 1414 2875 ἔδωκανε

185 2918 354 3001 σημειῶδες
376 2913 421 2981 ὅτι
443 2920 497 2979 καί
519 2914 684 3003 ἀκεφάλοις
705 2928 814 3003 χρῆται
837 2912 854 2979 ὁ
880 2921 1023 3003 ποιηιης·
1050 2913 1128 2981 bore
1150 2912 1185 2980 ob
1208 2917 1253 2980 δεῖ
1274 2937 1415 3000 προπορι·

185 3032 263 3087 σπᾶν
282 3025 317 3086 τὸ
342 3024 416 3110 ,φίλε
430 3028 597 3107 κασίγνητοί
624 3020 697 3102 <Ε
721 3023 787 3089 359
811 3020 895 3088 conf.
919 3019 945 3085 Δ
970 3022 1043 3089 155.
1068 3020 1101 3086 Φ
1125 3023 1233 3103 308>
1263 3028 1296 3089 et
1323 3022 1414 3087 Eust.

189 3129 285 3211 1274,
308 3130 353 3195 50
376 3128 430 3212 qni
454 3126 515 3193 hoc
539 3126 662 3195 scholio
686 3148 765 3194 usus
789 3134 856 3193 est:
886 3126 985 3194 ἰστέον
1012 3130 1044 3193 δὲ
1074 3133 1129 3195 καὶ
1160 3127 1206 3195 ὅτι
1237 3132 1271 3194 τδ
1303 3128 1414 3215 ,ἐπειδὴ

181 3230 264 3299 τόνδ’
288 3231 392 3319 ἄνδρα
416 3240 469 3302 καί
492 3234 563 3323 ἑξῆς
586 3234 738 3323 ἀκέφαλον
765 3239 869 3322 στίχον
902 3234 930 3300 οἱ
961 3235 1086 3301 παλαιοί
1116 3258 1206 3321 φασιν
1238 3234 1341 3324 ὅμοιον
1372 3248 1416 3319 τῷ

182 3343 264 3429 ,φίλε
286 3347 456 3429 κασίγνητεί
482 3342 555 3419 <Ε
579 3344 644 3408 359
669 3341 710 3407 ef.
729 3340 754 3405 Δ
778 3344 849 3409 155.
878 3338 910 3405 Φ
931 3343 1051 3425 308>,
1075 3340 1155 3408 ὥστε
1177 3338 1231 3408 οὐκ
1254 3340 1416 3423 ἀναγκαῖον

186 3459 384 3533 προπερισπᾱν
408 3446 469 3513 ἐκεῖ
492 3452 525 3513 τδ
550 3452 626 3537 φίλε,
651 3449 694 3522 ὡς
717 3447 755 3515 ἂν
782 3448 1001 3534 ἀποτελεσθείη
1029 3450 1188 3524 δάκτυλος,
1218 3444 1288 3513 ἁλλ’
1312 3446 1415 3521 dioro·

182 3560 279 3641 ρὲνης
301 3566 354 3641 της
377 3553 532 3643 ἀρχοίνσης
555 3561 744 3643 μετρηθῆναι
765 3555 904 3622 κάκεῖνον
927 3558 976 3620 τδν
1000 3555 1107 3642 στίχον
1130 3554 1172 3628 ὡς
1194 3554 1357 3645 ἀκέφαλον.
1365 3558 1387 3635 ¹)

276 3661 340 3725 Alii
369 3662 572 3745 grammatici
600 3663 811 3739 recentiores,
841 3681 1036 3744 quamquam
1064 3662 1154 3727 vocis
1182 3664 1249 3749 φίλε
1276 3663 1415 3747 priorem

183 3767 352 3853 syllabam
378 3789 398 3834 a
420 3779 520 3854 poeta
542 3768 661 3852 longae
685 3768 834 3853 syllabae
858 3768 930 3833 loco
945 3768 1059 3834 haberi
1074 3776 1284 3854 agnoverunt,
1307 3776 1414 3835 tamen

183 3999 341 4063 traduntur,
361 3998 523 4069 producitur
540 3998 649 4069 syllaba
667 3995 716 4052 ΦΙ.
752 3998 783 4051 ln
802 3999 896 4054 auimo
914 4002 987 4053 certe
1006 3999 1106 4054 habuit
1125 3998 1289 4055 llustathiua
1307 4017 1414 4053 versum
1546 4031 1550 4037 ·

182 4086 206 4138 Δ
227 4089 277 4142 155
297 4085 352 4157 pile
370 4085 514 4158 κασίγνητε,
533 4086 644 4138 θάνατόν
662 4084 689 4137 νύ
708 4104 745 4137 τοι
764 4084 825 4155 ὅρκι’
846 4084 957 4157 ἔταμνον.

282 4175 302 4245 ¹)
326 4176 366 4231 Oi.
385 4177 533 4240 Rauscher,
558 4176 592 4231 de
615 4176 726 4230 scholiis
750 4176 901 4231 Homericis
919 4176 957 4231 ad
974 4194 1032 4231 rem
1049 4177 1195 4231 metricam
1212 4176 1415 4246 pertinentibus

183 4268 342 4335 (Argentor.
372 4266 453 4330 1886)
480 4283 506 4334 p.
535 4264 579 4321 50.
629 4264 767 4319 Sollemne
798 4264 964 4319 vocabulum
991 4262 1128 4333 δικίφαλος,
1160 4282 1215 4333 quo
1242 4264 1416 4334 significatur

185 4355 345 4410 hexameter
364 4354 413 4423 qui
431 4354 513 4409 initio
531 4371 586 4408 uno
605 4352 690 4422 χρόνῳ
708 4352 798 4423 πρώτῳ
817 4357 901 4418 emet,
923 4371 980 4407 uon
1003 4353 1059 4408 iuit
1081 4354 1111 4408 in
1129 4372 1180 4408 usu
1198 4354 1363 4423 scriptorum
1381 4355 1415 4409 de

185 4460 214 4498 re
245 4443 361 4499 metrica
394 4443 567 4507 Graecorum,
600 4442 649 4511 qui
677 4446 744 4497 aute
770 4443 911 4497 saeculum
938 4460 965 4512 p.
993 4442 1043 4497 ch.
1071 4443 1191 4499 alterum
1218 4443 1343 4503 fuerunt;
1379 4444 1413 4499 ci.

187 4532 326 4587 Rauscher
340 4533 357 4586 l.
372 4532 390 4585 l.
409 4550 435 4601 p.
451 4534 484 4586 21
499 4534 528 4586 et
542 4531 623 4586 Volta
641 4530 671 4585 in
691 4532 875 4587 Commentat.
893 4531 923 4585 in
943 4532 1072 4587 bonorem
1091 4532 1225 4603 Guillelmi
1242 4532 1415 4587 Studemund

180 4619 341 4689 (Argentor.
362 4622 441 4680 1889)
461 4626 491 4691 ρ.’
508 4622 549 4675 79.

1222 4728 1255 4782 3*
