3459 5200
780 1512 800 1590 ξ
823 1507 849 1577 Ι.

263 1668 311 1750 lte
339 1670 466 1769 diatoni
488 1670 652 1776 ,codicum
681 1669 824 1767 origine,
854 1687 954 1763 nexu,
982 1667 1051 1748 tide
1080 1668 1157 1767 quid
1186 1669 1248 1748 uiri
1278 1668 1369 1749 docti

627 1813 740 1892 adbuc
770 1812 1007 1892 iudicauerint.

294 1998 407 2113 Taciti
431 2045 472 2112 de
497 2046 677 2112 oratoribus
702 2044 835 2131 dialogi,
865 2045 1068 2131 Germaniae,
1092 2046 1236 2111 Suetonii
1260 2046 1301 2111 de
1325 2067 1430 2131 gram-

205 2153 333 2219 maticis
358 2161 391 2219 et
413 2152 594 2219 rhetoribus
623 2152 842 2237 relliquiarum
875 2152 1005 2219 codices
1039 2174 1148 2219 omnes
1177 2153 1231 2237 qui
1261 2159 1433 2239 supersunt

206 2261 365 2327 communi
398 2281 438 2326 ex
470 2261 558 2325 fonte
595 2259 734 2327 derivati
767 2267 849 2328 sunt.
910 2260 1008 2326 Cuius
1041 2281 1124 2343 qnae
1157 2268 1244 2327 esset
1259 2343 1261 2351 Α
1276 2261 1367 2345 origo
1399 2260 1432 2325 in

205 2368 354 2437 notitiam
390 2367 554 2432 homiuum
593 2367 760 2433 doctorum
797 2368 928 2453 pertulit
964 2367 1148 2437 Ludovieus
1182 2368 1323 2452 Tross¹),
1362 2388 1433 2433 cum

206 2473 329 2541 codicis
345 2472 516 2541 Leidensis
540 2476 581 2539 ab
605 2476 676 2559 ipso
700 2476 837 2560 primum
860 2474 999 2540 adhibiti
1023 2474 1288 2560 subscriptionem
1312 2474 1433 2560 publici

207 2581 329 2649 faceret
351 2582 439 2668 iuris,
463 2603 528 2666 qna
551 2581 740 2649 Henoohum
763 2582 960 2648 Aeculanum
984 2604 1003 2648 a
1027 2581 1163 2650 Nicolao
1187 2582 1305 2668 quintu,
1329 2581 1432 2668 ponti-

206 2690 267 2757 fice
281 2691 430 2777 maximo,
455 2690 584 2756 codices
608 2690 792 2775 inquirendi
809 2699 841 2757 et
860 2689 1096 2757 transcribendi
1120 2711 1220 2756 causa
1234 2691 1268 2756 in
1284 2690 1433 2776 Galliam,

206 2799 422 2883 Germaniam,
445 2799 586 2863 Daniam
610 2799 743 2864 missum
767 2799 895 2864 libellos
919 2799 993 2865 illos
1013 2798 1093 2865 satis
1118 2798 1291 2866 mendosos
1308 2797 1341 2863 in
1356 2798 1433 2864 Ger·

206 2907 333 2971 maniae
362 2905 502 2990 quodam
531 2905 686 2971 coenobio
714 2907 878 2972 invenisse
906 2907 1117 2989 inventosque
1145 2906 1178 2971 iu
1206 2906 1308 2971 lucem
1337 2913 1434 2971 rettu-

207 3012 286 3079 lisse
315 3013 477 3080 docemur.
525 3010 619 3089 Quod
644 3013 720 3096 quin
748 3033 858 3079 verum
883 3020 971 3079 esset
998 3033 1090 3079 nemo
1119 3011 1280 3079 dubitavit
1307 3022 1435 3098 praeter

209 3120 385 3204 Georgium
422 3120 532 3204 Voigt,
579 3121 634 3203 qui
675 3121 778 3186 nuntii
818 3121 906 3186 illius
947 3121 1111 3186 fallaciam
1152 3122 1336 3206 perspicere
1373 3119 1435 3186 sibi

208 3227 299 3294 visus
323 3225 415 3314 est.²)

294 3335 382 3400 Inter
410 3353 467 3400 eos
494 3342 610 3420 autem,
644 3334 699 3417 qui
726 3333 898 3401 Leidensis
928 3334 1156 3420 subscriptioni
1185 3354 1249 3400 non
1277 3332 1434 3420 diffidunt,

208 3463 349 3526 quonam
372 3441 405 3506 in
429 3441 624 3507 Germaniae
648 3442 844 3507 monasterio
859 3441 1032 3508 Henoohus
1055 3441 1172 3507 librum
1196 3442 1286 3507 illum
1309 3441 1434 3526 viderit,

208 3569 248 3614 ea
271 3556 322 3614 est
349 3547 519 3634 dissensio,
548 3556 583 3613 ut
613 3548 671 3613 alii
700 3549 889 3614 coenobium
917 3549 1087 3633 Fuldense,
1117 3549 1175 3613 alii
1203 3547 1434 3616 Hersfeldense

208 3656 380 3741 nominent,
416 3656 474 3720 alii
508 3654 655 3722 diversas
688 3656 763 3722 illas
801 3656 980 3722 sententias
1018 3656 1229 3722 conciliantes
1261 3655 1433 3723 Fuldensis

209 3763 375 3830 cuiusdam
404 3763 526 3830 codicis
556 3765 687 3830 saeculo
716 3763 842 3829 decimo
872 3764 1062 3848 antiquioris
1090 3763 1314 3850 apographum
1336 3765 1433 3830 Hers-

208 3870 354 3937 seldense
389 3870 512 3938 saeculi
545 3870 612 3937 fere
646 3871 732 3936 tertii
764 3870 882 3936 decimi
910 3872 951 3936 ab
980 3871 1133 3936 Henooho
1165 3872 1327 3937 inventurn
1361 3891 1433 3938 csse

208 3978 376 4045 coniciant.
384 3979 409 4059 ³)
447 3979 616 4062 Utcunque
630 3977 712 4044 haec
726 3998 778 4044 rea
793 3999 829 4044 se
845 3978 953 4058 habet,
970 3977 1115 4044 homines
1131 3977 1217 4044 docti
1233 3979 1434 4046 consentiunt

207 4123 419 4132 ——---—

300 4191 320 4259 ¹)
339 4192 506 4248 Germaniae
525 4196 554 4247 et
572 4192 679 4263 dialogi
699 4191 765 4248 edit.
784 4211 811 4262 p.
831 4193 869 4247 Vl
888 4192 1000 4256 (Hamm
1020 4192 1108 4259 1841).

297 4280 320 4350 ¹)
337 4281 593 4352 Wiederhelehnng
615 4281 664 4336 des
687 4281 862 4336 lrlassischen
885 4282 1065 4347 Altertnmes,
1093 4282 1134 4336 cd.
1156 4282 1190 4347 ΙΙ,
1210 4281 1222 4336 Ι
1245 4299 1272 4352 p.
1292 4283 1344 4336 258
1368 4283 1432 4339 adn.

297 4369 319 4438 ⁸)
338 4372 368 4425 F.
382 4372 483 4436 Illiber,
499 4371 591 4426 Taciti
606 4388 700 4442 opera,
716 4371 830 4440 Lipsiae
846 4373 923 4436 1884,
938 4371 1024 4440 praef.
1040 4389 1066 4442 p.
1082 4371 1183 4429 XVIII,
1215 4372 1246 4427 F.
1261 4373 1432 4440 Massmann,

207 4461 376 4518 Germaniae
400 4461 475 4526 edit,
501 4461 648 4526 Quodlinb.
674 4465 702 4515 et
720 4461 835 4532 Lipsiae
855 4462 923 4516 1841
947 4480 973 4531 p.
1000 4463 1050 4514 116
1069 4481 1130 4530 sqq.
1168 4462 1199 4518 A.
1224 4462 1431 4530 lieill'erscheid,
1495 4488 1498 4496 ·

207 4551 334 4607 Suetonii
343 4550 489 4619 reliquiae,
500 4551 702 4621 Lipsiaeldlid:
719 4552 901 4617 Quaestiones
912 4551 1101 4606 Suetonianae
1113 4552 1206 4621 p.411.
1219 4552 1269 4606 Ad.
1277 4552 1431 4620 Michaelis,

206 4641 314 4713 dialogi
337 4641 412 4706 edit,
438 4641 551 4711 Lipsiae
572 4643 648 4707 1888,
671 4661 699 4711 p.
719 4641 841 4707 villax.
879 4641 908 4699 L.
928 4642 1048 4704 Urlichs,
1073 4640 1127 4695 Eos
1151 4641 1178 4694 ll
1201 4641 1299 4710 (1886),
1319 4662 1347 4714 p.
1371 4643 1432 4700 224.

206 4733 236 4788 C.
254 4731 287 4786 1..
304 4731 388 4796 itoth,
406 4730 535 4785 Suetonii
553 4731 628 4796 edit,
648 4731 724 4801 Lips.
745 4733 813 4785 1882
832 4750 859 4802 p.
878 4731 915 4785 LI
933 4736 962 4786 et
980 4731 1055 4786 LXV
1074 4749 1134 4800 sqq.
