3459 5200
797 398 1009 497 Α*

285 589 420 658 Catonis
443 590 653 659 distichorum
676 592 841 674 versione;
871 592 959 677 quod
981 613 1046 659 nou
1068 602 1136 659 tam
1158 594 1303 661 iucuriae
1326 596 1396 661 eius
1418 615 1521 679 quam

285 698 439 765 metricae
462 698 650 767 necessitati
674 698 878 768 tribuendum
901 706 959 767 est.
987 700 1149 767 Inusitata
1173 700 1257 767 euim
1280 710 1374 768 eraut
1387 700 1524 787 Byzan-

284 806 353 870 tina
376 814 485 873 aetate
508 827 548 875 oa
570 814 674 876 metra
697 806 813 891 quibus
836 806 1002 875 Planudcs
1025 807 1195 874 Boethium
1223 809 1408 876 imitaturus
1435 829 1522 875 usus

285 920 344 979 est.
390 912 478 979 Satis
502 920 552 980 est
575 914 885 980 commemoravisse
903 914 1083 980 Plauudem
1105 915 1205 981 multo
1229 916 1363 1001 saepius
1383 915 1514 982 vocales

285 1024 365 1079 ΑΙΥ
386 1020 503 1105 longas
526 1020 751 1105 corripuisse1)
776 1041 874 1104 quam
897 1022 1015 1088 breves
1028 1021 1238 1106 produxisse3
1262 1019 1416 1108 produxit
1429 1023 1519 1088 enim
1624 1101 1628 1105 .

284 1108 416 1193 vocales
439 1132 521 1187 ΑΙΥ
542 1128 658 1193 breves
681 1126 733 1193 his
757 1126 854 1193 modo
878 1128 975 1195 locis:

372 1235 404 1319 5,
427 1234 471 1301 23
494 1230 670 1299 subderent»
693 1238 809 1319 πρόσθε
834 1240 925 1322 νόμου
948 1237 1062 1301 λυθὲν
1087 1235 1124 1319 [-
1133 1236 1171 1321 ν]

374 1341 403 1425 6,
430 1343 470 1408 12
493 1352 621 1426 τρυγᾶν
646 1341 682 1425 [-
693 1336 730 1429 -]
756 1344 894 1425 βότρυας,
918 1340 954 1427 ἢν
977 1344 1041 1407 δέον

376 1449 405 1533 7,
430 1452 450 1515 8
474 1451 513 1513 τὰ
536 1451 604 1533 πρὶν
627 1447 745 1530 ἀγανά
767 1448 804 1531 [υ
819 1484 845 1493 -
859 1448 897 1531 ν]

378 1555 427 1639 12,
454 1556 494 1620 12
517 1548 625 1620 σκιάν
649 1554 685 1637 [-
696 1554 733 1637 -]
757 1577 787 1619 τε
810 1558 895 1627 πίτυς
918 1558 1070 1641 lephanau

375 1664 427 1746 20,
451 1664 473 1728 b
496 1659 554 1727 κᾶν
578 1665 635 1747 γὰρ
658 1667 741 1743 γένος
765 1659 858 1727 Ἰνδὸν
883 1660 1018 1728 ἕκαθεν
1043 1661 1080 1745 [ν
1094 1698 1121 1708 -
1135 1660 1172 1745 ν]

294 1833 296 1837 ,
375 1770 427 1846 22,
452 1770 473 1834 2
497 1770 569 1855 μετὰ
592 1774 710 1855 τέρψιος
733 1768 966 1855 τρυχυσειςῗ)
990 1767 1027 1852 [ν
1041 1804 1067 1814 -
1081 1766 1127 1853 -].
1443 1844 1454 1867 ‘

286 1872 380 1939 Adde
403 1872 541 1959 priorem
564 1874 655 1940 uocis
678 1870 757 1959 ὕδωρ
787 1872 947 1958 syllabam
976 1895 997 1939 a
1025 1872 1172 1939 Planude
1204 1874 1393 1960 productam
1426 1877 1518 1942 esset

286 1984 317 2064 2,
344 1985 384 2048 16
408 1978 536 2049 ὕδασιν
572 1984 622 2061 12,
650 1985 688 2048 11
714 1978 806 2065 ὕδωρ
838 1983 890 2064 27,
914 1982 957 2048 37
981 1978 1106 2065 ὕδατα,
1139 1980 1197 2047 sed
1224 1988 1311 2048 recte
1335 1990 1518 2069 correptam

287 2107 375 2155 esse:
400 2089 453 2167 23,
478 2090 508 2154 8.
534 2089 587 2173 35,
612 2090 632 2154 8
656 2084 749 2171 ὕδωρ
781 2089 834 2171 27,
858 2089 880 2153 9
903 2082 1051 2154 ὑδάτων.

376 2194 542 2278 Syllabam
567 2198 607 2253 ΦΙ
630 2193 820 2280 productam
845 2212 919 2260 esse
941 2215 1037 2260 versu
1060 2196 1272 2280 anapaestico

378 2304 428 2386 17,
453 2302 497 2369 20
520 2303 660 2388 δαψτλέας
682 2324 714 2366 τε
737 2304 1089 2388 τροφὰςριλυνάλιυς

287 2408 437 2495 opinatur
449 2406 566 2474 Weber
585 2407 605 2471 l.
621 2408 641 2473 l.
657 2428 688 2493 p.
704 2406 796 2491 VIl13
820 2406 917 2473 immo
944 2407 1103 2493 producta
1127 2416 1177 2474 est
1200 2407 1328 2492 syllaba
1351 2412 1414 2492 ΚΑ,
1437 2428 1517 2490 quo-

284 2516 372 2581 niam
394 2512 559 2580 Planudes
581 2513 758 2580 identidem
781 2514 922 2601 priorem
950 2514 1039 2580 vocis
1063 2517 1158 2589 καλός
1174 2514 1334 2600 syllabam
1347 2513 1519 2600 produxit,

285 2622 325 2688 cf.
350 2625 402 2708 24,
426 2623 445 2689 7
470 2630 610 2704 atquae
633 2621 701 2686 dixi
723 2643 754 2706 p.
781 2623 835 2688 96.

374 2728 523 2812 Denique
546 2735 634 2794 recte
656 2727 827 2813 proposuit
850 2729 968 2794 Weber

375 2837 428 2921 23,
452 2837 473 2902 b
496 2833 662 2921 obd’dpuoc
685 2833 987 2913 uuvboout<v>³l
1010 2832 1079 2900 κατ’
1095 2834 1152 2922 ὄρη
1175 2840 1289 2922 μακρά,

285 2963 362 3008 uam
383 2941 605 3028 productionis
629 2962 729 3008 causa
752 2941 916 3008 Planudes
948 2943 1118 3028 usurparit
1145 2948 1178 3006 et
1204 2942 1345 3008 litteram
1369 2945 1394 3000 N
1419 2961 1518 3027 para·

287 3048 437 3134 gogicum
460 3047 514 3130 (cl.
541 3051 589 3126 13,
615 3051 645 3118 7.
669 3051 721 3129 24,
749 3051 789 3116 14
814 3054 846 3115 υτ
868 3047 1030 3115 Planudis
1054 3049 1213 3134 epistulas
1236 3048 1288 3114 ed.
1311 3048 1353 3113 hl.
1373 3049 1459 3116 Trou
1482 3070 1513 3133 p.

290 3158 350 3223 191
375 3176 404 3220 v.
429 3157 462 3234 4)
495 3162 528 3221 et
558 3156 700 3222 Atticam
726 3155 868 3221 litteram
897 3161 918 3216 Ξ
949 3155 1002 3231 (cl.
1028 3155 1162 3222 Catonis
1190 3154 1265 3222 dist.
1288 3154 1304 3219 Ι
1330 3157 1381 3239 10,
1405 3157 1435 3222 2.
1467 3155 1518 3220 III

286 3261 388 3348 praef.
415 3265 457 3344 1).

605 3403 647 3472 11.
693 3405 748 3470 De
772 3403 971 3471 Demetrio
994 3405 1194 3471 Triclinio.

377 3509 467 3588 Quas
491 3509 532 3577 de
555 3510 716 3576 vocalium
740 3516 822 3570 AIT
844 3532 907 3578 usu
929 3512 1020 3595 leges
1048 3511 1232 3578 Demetrius
1260 3510 1435 3577 'l'riclinius
1464 3531 1515 3577 se-

288 3626 381 3684 cutus
415 3616 466 3702 sit,
498 3616 656 3703 imprimis
694 3637 734 3683 cx
771 3618 820 3685 eis
858 3619 1096 3685 commentariis
1134 3617 1358 3701 cognoscimus
1397 3619 1517 3702 quibus

287 3724 441 3809 Aeschyli
468 3723 637 3808 Sophoclis
666 3723 830 3809 Euripidis
865 3725 993 3792 fabulas
1026 3725 1223 3810 instruxit3⁴t
1256 3744 1356 3808 quare
1389 3723 1430 3790 de
1462 3724 1518 3790 his

288 3831 525 3898 commentariis
548 3832 730 3898 accuratius
753 3831 938 3917 disputabo.

380 4043 401 4111 ¹)
430 4044 469 4098 Gi.
488 4043 591 4099 Weber
609 4044 628 4098 l.
647 4044 665 4102 l.
684 4063 710 4114 p.
732 4044 806 4098 VIII.

379 4131 401 4202 ³)
430 4133 504 4190 Corr.
523 4133 641 4200 Betant3
660 4131 807 4203 προυχύσεις
827 4133 912 4196 codd,
930 4131 1057 4203 προχύτας
1076 4133 1184 4188 Weber.

379 4221 401 4288 ³)
428 4219 542 4273 τανύουσι
560 4222 651 4288 codd.;
679 4222 949 4293 antepaenultimam
975 4223 1058 4276 huius
1086 4222 1160 4277 vocis
1187 4221 1326 4291 syllabam
1351 4221 1515 4291 productum

288 4329 345 4368 essa
362 4328 507 4382 perperam
525 4310 631 4366 iudicat
649 4311 752 4367 Weber
771 4312 788 4370 l.
807 4311 826 4366 l.
845 4328 871 4380 p.
891 4311 939 4365 IX,

379 4399 401 4468 ⁴)
428 4400 461 4454 Iu
479 4416 513 4455 ea
531 4399 637 4455 scholia
654 4400 770 4456 metrica
788 4399 936 4456 Pindarioa
955 4403 984 4455 et
1002 4401 1213 4470 Aristophanes,
1230 4417 1303 4469 quae
1321 4399 1407 4472 vulgo
1418 4399 1515 4455 Deme

288 4490 338 4546 trii
356 4488 482 4544 Tricliuii
500 4489 606 4544 nomini
625 4488 798 4554 addicuntur,
826 4489 967 4557 inquirere
985 4489 1037 4544 hoc
1061 4490 1121 4546 loeo
1142 4489 1229 4555 noluI,
1256 4489 1389 4558 quoniam
1414 4489 1515 4544 horum

289 4579 454 4634 scholiorum
472 4579 546 4634 iusta
564 4578 684 4634 recensio
707 4579 743 4632 ad
766 4578 899 4633 librorum
926 4578 1176 4648 manuscriptorum
1203 4578 1285 4634 fidem
1312 4578 1419 4647 publici
1445 4577 1517 4632 iuris

288 4669 364 4722 facta
382 4685 436 4721 non
455 4671 504 4722 est.
