3459 5200
218 1621 309 1766 Cum
324 1715 381 1781 per
394 1696 535 1781 priscum
552 1696 708 1762 sermonis
724 1695 816 1760 latini
832 1715 949 1760 aevom
967 1716 1101 1780 parvum
1114 1695 1353 1762 intercessisset

124 1803 297 1870 discrimen
329 1803 413 1868 iuter
444 1802 606 1888 poeticam
634 1809 667 1868 et
694 1801 879 1888 pedestrem
908 1803 1098 1886 orationem,
1127 1803 1158 1867 iu
1188 1823 1229 1868 ea
1256 1823 1351 1886 quam

124 1931 257 1977 auream
272 1931 425 1976 vocamus
440 1910 619 1976 litterarum
635 1909 805 1975 latinarum
820 1915 930 1975 aetate
941 1909 975 1977 C.
983 1908 1216 1975 LicinioCalvo
1225 1918 1353 1995 praeter

125 2024 249 2084 ceteros
273 2023 405 2082 auctore
437 2017 519 2082 baec
551 2016 614 2081 duo
643 2015 773 2082 dicendi
797 2035 920 2099 genera
947 2016 994 2082 ita
1021 2016 1104 2081 iuter
1132 2037 1169 2082 se
1192 2015 1352 2082 discerne-

124 2126 251 2208 bantur,
275 2131 309 2189 ut
332 2123 550 2209 scriptoribus,
574 2123 629 2206 qui
648 2124 734 2189 culto
755 2122 886 2188 dicendi
904 2143 1024 2206 genere
1038 2123 1086 2189 uti
1104 2123 1234 2206 vellent,
1255 2144 1353 2208 prosa

125 2232 228 2298 oratio
244 2231 315 2298 sola
330 2230 568 2316 concederetur,
588 2230 751 2315 poeticum
770 2230 902 2296 dicendi
920 2251 1022 2314 genus
1040 2231 1147 2316 poetis
1160 2231 1351 2314 relinquere·

125 2347 185 2403 tur.
233 2336 325 2404 Calvi
349 2345 458 2403 autem
482 2337 689 2404 adversarius
713 2337 764 2404 vel
788 2336 998 2416 clarissimus,
1022 2339 1062 2403 M.
1083 2337 1210 2404 Tullius
1230 2337 1354 2420 Cicero,

127 2444 290 2511 Cornificii
315 2443 507 2531 discipulus,
534 2445 629 2510 huius
657 2444 849 2510 rhetoricum
880 2444 1008 2510 dicendi
1037 2464 1140 2528 genus
1162 2465 1228 2510 uon
1250 2445 1354 2510 solnm

126 2550 351 2638 adoptaverat,
383 2551 442 2619 sed
471 2552 567 2618 ctiam
596 2550 742 2619 artificiis
772 2559 804 2618 et
826 2551 999 2619 luminibus
1022 2552 1146 2618 varium
1168 2552 1203 2617 iu
1224 2550 1355 2617 modum

126 2666 319 2745 compserat.
352 2660 435 2726 Nam
456 2679 528 2724 oum
549 2659 663 2743 longas
683 2659 834 2744 periodos
854 2659 1030 2725 artificiose
1050 2660 1194 2726 struebat
1208 2666 1240 2725 et
1253 2660 1355 2725 verba

127 2766 252 2831 ratione
281 2772 378 2848 atque
408 2764 542 2831 consilio
567 2766 790 2852 componebat,
815 2773 881 2831 tum
904 2765 940 2831 id
965 2767 1149 2851 appetebat,
1172 2773 1208 2831 ut
1232 2765 1355 2832 numeri

129 2873 262 2938 oratorii
286 2874 369 2939 ratio
392 2873 439 2938 ita
462 2873 643 2956 haberetur,
669 2881 703 2938 ut
725 2873 872 2958 inprimis
896 2894 1066 2940 numerose
1090 2873 1222 2939 caderet
1249 2873 1354 2959 perio·

128 2980 242 3045 dorum
266 2980 421 3059 clausula,
446 2979 606 3046 interdurn
630 2979 765 3065 initium,
788 3000 861 3045 raro
881 2980 1031 3063 singulae
1050 2988 1162 3066 partes
1175 2980 1354 3047 interiores.

131 3086 378 3153 Adhibebautur
400 3096 570 3174 praeterea
590 3108 610 3153 a
629 3087 782 3153 Cicerone
806 3087 850 3152 ad
869 3086 1053 3169 augendum
1066 3086 1222 3153 orationis
1237 3086 1356 3152 cultum

127 3194 291 3279 quaedam
314 3194 436 3260 formae
460 3215 500 3261 ac
522 3194 647 3278 figurae
671 3194 801 3260 dicendi
825 3200 858 3259 et
881 3200 951 3259 tota
974 3194 1078 3259 oratio
1106 3193 1282 3260 artificiose
1308 3193 1356 3259 ita

128 3302 377 3387 disponebatur,
411 3308 445 3366 ut
477 3301 559 3366 iuter
592 3300 738 3385 singulas
771 3301 840 3369 eius
873 3307 984 3386 partes
1018 3300 1191 3368 sollemnes
1224 3299 1356 3384 qnidam

127 3407 366 3474 intercederent
388 3407 553 3475 transitus.
601 3406 680 3473 Cum
709 3408 921 3473 Ciceroniauo
949 3406 1079 3475 dicendi
1106 3427 1226 3492 genere
1256 3428 1355 3491 quau·

127 3515 206 3581 dam
229 3536 308 3600 prae
332 3536 367 3581 sc
392 3514 453 3582 lert
476 3515 703 3599 cognationem
728 3536 832 3581 sermo
861 3514 895 3579 C.
920 3515 994 3579 lulli
1018 3515 1180 3600 Caesaris,
1204 3515 1357 3598 quoniam

127 3630 264 3705 uterque
285 3622 361 3687 olim
382 3621 586 3687 Cornificium
606 3628 677 3687 erat
691 3628 845 3701 sectatus,
871 3623 918 3687 ita
938 3630 1056 3701 tamen,
1076 3629 1111 3688 ut
1124 3624 1246 3689 Caesar
1259 3620 1356 3708 pluri-

126 3750 223 3812 mum,
248 3729 346 3793 multo
371 3736 457 3795 certe
480 3729 553 3815 plus
577 3749 673 3812 quam
698 3728 818 3814 Cicero,
846 3729 1071 3815 perspicuitati
1100 3730 1255 3811 orationis
1284 3749 1356 3795 cou-

129 3835 260 3918 suleret,
284 3857 325 3902 ue
349 3856 367 3901 e
390 3856 478 3903 more
506 3835 718 3902 Ciceroniano
743 3837 904 3903 variorum
934 3837 1103 3903 verborum
1130 3856 1246 3903 sensus
1274 3836 1358 3901 inter

129 3963 167 4009 sc
191 3942 471 4026 confunderentur,
494 3941 552 4009 sed
576 3950 611 4008 ut
635 3942 771 4026 singulis
794 3943 902 4009 verbis
925 3944 1070 4010 inessent
1093 3941 1214 4027 singuli
1232 3961 1356 4009 sensus.

131 4050 212 4115 Cum
236 4049 390 4115 Cicerone
414 4049 518 4115 miuus
547 4070 644 4133 quam
673 4048 775 4115 obiter
799 4051 936 4116 intuenti
958 4048 1108 4115 videatur
1133 4048 1299 4134 discrepat
1322 4048 1356 4113 C.

131 4156 308 4223 Sallustius
322 4156 466 4242 Crispus,
491 4158 544 4240 qui
569 4177 607 4223 co
631 4158 673 4222 ab
694 4156 750 4223 illo
771 4156 886 4240 differt,
910 4156 996 4240 quod
1011 4156 1218 4223 concinnitati
1233 4156 1357 4221 Cicero-

129 4263 250 4329 nianae
273 4262 426 4349 praetulit
452 4264 645 4329 varietatem
673 4264 845 4343 orationis,
881 4264 933 4331 cui
967 4264 1125 4331 dictiones
1153 4262 1312 4347 quasdam
1339 4282 1359 4328 e

128 4371 242 4456 prisca
264 4369 426 4436 latinitate
449 4370 585 4437 haustas
609 4371 751 4436 inscruit.
798 4372 922 4437 Prosae
945 4379 1054 4437 autem
1073 4369 1229 4435 orationis
1242 4369 1359 4437 Italiae

131 4477 406 4563 septentrionalis,
417 4477 576 4561 quasillis
589 4476 785 4562 temporibus
802 4476 991 4543 abundabat
1004 4477 1111 4562 poetis
1126 4476 1359 4559 doctisauoto

129 4606 201 4652 rem
225 4584 438 4651 clarissimum
461 4584 617 4651 habemus
641 4584 824 4651 Cornelium
846 4586 1014 4671 Nepotem,
1039 4584 1130 4651 cuius
1157 4582 1257 4649 dictio
1283 4604 1359 4671 poe

129 4693 197 4760 tico
220 4692 428 4779 popularium
460 4712 589 4759 suorum
622 4692 729 4759 colore
759 4692 882 4758 imbuta
905 4691 949 4757 ad
972 4691 1203 4757 Caesarianam
1231 4691 1359 4775 quidem

1184 4800 1197 4851 1
