3459 5200
1707 225 1720 486 φ

910 424 955 487 20
1722 425 1724 518 ν

315 616 427 683 libello
443 637 519 702 pag.
537 620 589 702 18,
607 618 648 683 14
672 617 702 689 ἐξ
727 616 836 707 ἀμφοῖν
859 622 993 692 relatore,
1017 638 1093 703 pag.
1110 620 1140 702 2,
1154 620 1199 685 30
1221 619 1331 707 ἀμφοῖν
1353 638 1413 703 pro
1428 617 1556 701 dativo,
1714 521 1719 720 Ι

316 745 348 809 p.
366 725 418 806 12,
443 725 465 788 4
488 724 581 789 εἴκοσι
605 726 682 789 δοοῖν
706 744 765 809 pro
788 726 949 808 genetivo,
973 746 1005 810 p.
1027 728 1077 800 18,
1100 726 1122 791 5
1146 727 1194 791 διὰ
1217 727 1296 791 δοοῐν
1319 726 1479 810 leguntur,
1504 724 1552 789 ah
1716 735 1721 780 ῐ

315 828 462 895 Euclidis
485 849 546 895 usu
569 829 752 897 abhorrent.

404 936 519 1020 Neque
541 934 583 1002 de
602 936 712 1001 libello
727 935 772 1002 de
797 937 971 1003 sectione
991 937 1152 1003 canonis
1172 936 1405 1004 dubitationem
1419 957 1548 1003 movere

314 1062 378 1107 non
407 1044 598 1127 poterimus,
631 1063 702 1107 cum
730 1064 761 1127 p.
787 1046 839 1127 24,
867 1046 908 1111 10
931 1050 963 1108 et
988 1046 1028 1110 13
1051 1043 1084 1116 ἐξ
1108 1043 1217 1132 ἀμφοῖν
1240 1052 1395 1111 occurrat
1441 1042 1550 1121 Quam

316 1147 451 1214 formam
480 1169 560 1215 casu
593 1148 733 1233 quodam
762 1150 796 1215 in
828 1150 945 1215 ceteris
976 1149 1123 1217 lluolidis
1152 1152 1282 1236 seriptis
1313 1172 1378 1217 non
1409 1152 1547 1217 inveniri

313 1254 368 1319 vix
402 1256 573 1339 quisquam
607 1256 739 1341 dixerit,
772 1277 843 1322 cum
876 1264 968 1321 tanta
1001 1257 1065 1323 sint
1093 1258 1163 1323 eins
1196 1279 1296 1343 opera
1324 1279 1364 1324 ac
1391 1266 1439 1323 tot
1464 1260 1551 1325 locis

316 1360 486 1451 ἀμφότεφος
508 1362 644 1446 legatur.
682 1364 826 1448 Accedit,
851 1364 938 1448 quod
956 1364 1145 1449 Autolycus,
1170 1365 1391 1450 Archimedes,
1415 1366 1547 1452 Apollo·

316 1469 389 1535 nius
412 1467 589 1553 Pergaeus,
613 1470 788 1556 Hypsicles
811 1470 904 1558 ἄμφω
925 1471 1119 1537 vocabulum
1141 1472 1334 1539 vitaverunt

406 1574 554 1641 Ceterum
578 1578 630 1642 δι’νο
658 1597 717 1661 pro
747 1578 898 1659 genetivo
930 1578 963 1641 in
996 1578 1286 1645 introductione
1318 1580 1549 1647 harmonica

315 1682 466 1760 sexies¹),
496 1682 529 1747 in
554 1682 729 1749 sectione
758 1684 919 1749 canonis
952 1686 1104 1770 septies¹)
1136 1693 1234 1769 atque
1261 1688 1295 1751 in
1323 1686 1386 1751 hac
1415 1686 1548 1753 dativus

286 1814 289 1818 ·
316 1789 381 1853 δυσί
395 1788 506 1854 semel
529 1794 574 1874 (p.
590 1792 644 1874 29,
666 1792 721 1871 14)
745 1791 909 1875 reperitur.
1123 1775 1125 1780 ¹

401 1895 440 1959 In
463 1896 610 1981 opticis
636 1903 668 1961 et
691 1898 921 1982 catoptrieis
940 1897 1159 1984 theorematis,
1180 1919 1264 1983 quae
1277 1899 1308 1967 J.
1318 1898 1356 1965 d.
1367 1899 1551 1966 Schneider

312 2002 346 2067 in
375 2002 499 2085 eclogis
527 2002 674 2088 physicis
701 2003 719 2067 1
748 2025 780 2089 p.
804 2006 868 2071 381
881 2024 929 2088 sq.
962 2004 1086 2089 publici
1118 2006 1198 2071 iuris
1230 2006 1316 2091 fecit,
1349 2006 1395 2071 nil
1428 2008 1550 2090 inveni,

311 2108 400 2193 quod
423 2108 568 2175 Euclidis
589 2111 663 2176 usui
686 2121 891 2196 repugnaret
932 2112 970 2177 In
993 2114 1171 2197 optinorum
1196 2114 1281 2179 enim
1303 2113 1405 2178 theor.
1423 2116 1466 2181 26
1492 2117 1550 2179 hdo

312 2214 507 2300 genetivum,
532 2218 565 2281 in
588 2223 724 2301 catoptr.
749 2215 850 2285 theor.
877 2220 918 2284 13
943 2220 1008 2283 δυσί
1031 2219 1175 2284 dativum
1198 2220 1344 2304 legimus.

708 2416 728 2495 ξ
754 2418 784 2481 7.
830 2413 887 2479 οο
910 2414 1149 2481 Archimede.

401 2554 656 2622 Archimedes
689 2576 794 2640 neque
831 2556 939 2623 dualis
977 2558 1101 2624 numeri
1138 2557 1273 2624 formam
1310 2579 1415 2643 neque
1452 2559 1552 2648 ἄμφω

314 2661 507 2726 vccabulum
531 2661 689 2728 adhibuit.
736 2665 790 2728 δίνο
813 2673 923 2729 autem
946 2664 1030 2729 hunc
1053 2666 1087 2730 in
1110 2665 1240 2732 modum
1263 2665 1452 2732 declinavit:

420 2788 504 2835 nom.
529 2789 613 2836 acc:
638 2771 691 2835 δὺο

418 2895 507 2958 gen:
532 2877 584 2942 lto
608 2874 823 2960 duodecies³),
847 2880 924 2943 δοῶν
948 2878 1079 2958 semel⁴l

419 2982 501 3049 dat:
527 2985 592 3048 δοοὶ
615 2983 769 3068 quater⁶),
794 2987 846 3049 δὺο
869 2985 957 3063 terh,
981 2987 1059 3059 δοοῖς
1073 2994 1122 3052 ter
1145 2987 1192 3066 (in
1215 2987 1325 3053 libello
1350 2988 1391 3053 de
1415 3008 1486 3056 oon.
1510 2999 1547 3054 et

525 3089 710 3173 sphaer.)l).

400 3196 515 3261 Libros
544 3196 598 3279 qui
628 3204 703 3262 sunt
730 3198 775 3262 de
805 3199 971 3284 sphaera
1000 3206 1037 3264 et
1066 3198 1244 3284 cylindro
1269 3201 1369 3267 etde
1393 3201 1544 3266 dimen-

310 3303 418 3368 sione
451 3303 590 3368 oirouli
622 3323 662 3367 ea
690 3324 755 3387 qua
785 3305 896 3370 traditi
921 3315 995 3370 sunt
1018 3305 1130 3390 forma,
1159 3327 1223 3371 non
1247 3307 1291 3371 ad
1314 3307 1543 3373 Archimedem

309 3409 422 3475 referri
455 3429 554 3494 posse
586 3409 639 3474 vel
671 3409 747 3475 inde
781 3419 930 3497 apparet,
964 3413 1051 3496 quod
1082 3413 1233 3497 ,dialecto
1267 3414 1379 3481 dorica
1411 3416 1543 3501 spoliati

309 3623 351 3678 20.
391 3625 432 3686 11,
453 3624 496 3687 34,
515 3625 540 3676 5.
580 3625 621 3690 14,
641 3625 684 3689 38,
704 3625 746 3680 18.
784 3627 826 3690 15,
845 3627 889 3691 40,
908 3627 951 3680 22.
971 3627 1014 3680 26.
1051 3627 1094 3691 20,
1114 3628 1158 3690 54,
1178 3629 1203 3682 5.
1234 3629 1277 3694 21,
1297 3630 1340 3692 56,
1361 3631 1404 3684 12.
1424 3631 1465 3684 16.
1497 3632 1544 3696 22,
1610 3664 1620 3678 .

308 3711 351 3777 60,
371 3712 395 3766 5.
439 3713 482 3775 23,
502 3712 544 3778 68,
565 3713 590 3768 8.
631 3714 675 3778 24,
695 3715 737 3778 72,
758 3715 799 3768 14.
837 3715 880 3778 26,
900 3717 943 3779 80,
962 3717 987 3769 8.
1008 3718 1049 3770 19.
1070 3718 1112 3769 22.
1132 3719 1175 3771 25.
1213 3718 1255 3782 31,
1273 3719 1317 3780 92,
1338 3720 1380 3774 15.
1416 3719 1541 3781 33102,

309 3803 333 3855 1.
370 3801 556 3865 3511818.
595 3802 779 3866 1201626.
818 3805 878 3868 122,
897 3808 922 3857 3.
943 3807 984 3858 14.
1022 3807 1064 3871 38,
1086 3808 1145 3869 132,
1165 3808 1189 3860 8.
1227 3807 1281 3861 XII
1304 3809 1329 3872 3,
1356 3808 1541 3873 1501627.

307 3889 374 3944 XIII
403 3891 426 3954 7,
446 3889 507 3954 264,
529 3890 571 3944 19.
608 3892 669 3956 266,
689 3893 714 3945 2.
735 3894 777 3946 16.
816 3895 858 3959 17,
878 3894 939 3959 320,
963 3895 987 3949 2.
1007 3895 1050 3947 26.
1087 3913 1150 3964 app.
1176 3898 1200 3960 1,
1220 3899 1243 3962 1,
1263 3897 1324 3960 346,
1348 3898 1373 3951 6.
1410 3898 1479 3952 data
1496 3899 1541 3952 94.

399 3977 420 4046 ¹)
442 3979 543 4033 introd.
562 3981 651 4034 herm.
670 3998 736 4052 pag.
757 3982 781 4042 1.
802 3983 843 4036 14.
881 3983 906 4048 8,
925 3985 970 4038 25.
989 3985 1031 4036 26.
1072 3987 1113 4048 12,
1132 3985 1175 4039 32.
1214 3986 1255 4051 17,
1277 3986 1363 4042 7.10.

399 4065 419 4134 ¹)
444 4071 508 4122 sect.
529 4086 589 4122 can.
608 4087 634 4138 p.
654 4070 696 4132 28,
716 4071 742 4125 4.
780 4072 822 4136 33,
843 4075 869 4125 4.
889 4074 913 4126 7.
933 4074 959 4125 9.
980 4074 1022 4126 14.
1059 4075 1165 4138 34,17.
1203 4076 1246 4141 35,
1265 4076 1290 4128 6.

398 4153 420 4223 ⁸)
443 4157 477 4211 de
500 4157 607 4212 conoid.
632 4161 661 4214 et
685 4160 792 4228 sphaer.
817 4163 857 4226 15,
877 4162 938 4225 358,
959 4163 1000 4216 17.
1038 4163 1099 4228 360,
1118 4164 1144 4217 8.
1183 4164 1224 4227 18,
1243 4164 1304 4229 372,
1324 4165 1349 4218 9.
1387 4167 1421 4220 de
1444 4166 1541 4236 spirat.

305 4246 391 4314 praef.
411 4245 436 4309 4,
456 4247 500 4302 23,
536 4246 668 4312 2,18,2.
700 4249 726 4312 4,
746 4250 788 4314 20,
810 4251 849 4304 10.
883 4252 925 4315 28,
947 4253 1006 4315 136,
1025 4253 1051 4305 3.
1092 4253 1221 4320 deplan.
1242 4271 1321 4320 aequ.
1341 4253 1412 4318 ΙΙ3,
1433 4255 1494 4320 194,
1513 4257 1539 4308 9.

307 4335 332 4400 7,
351 4335 412 4392 210.
432 4336 474 4388 26.
513 4353 587 4391 aren.
607 4337 654 4402 IV,
675 4339 699 4401 5,
719 4339 780 4402 278,
800 4340 826 4393 6.
865 4340 905 4404 10,
925 4341 987 4406 286,
1008 4342 1048 4393 17.
1087 4341 1169 4411 srgm.
1189 4343 1213 4406 1,
1231 4342 1294 4406 460,
1314 4343 1337 4396 l.

397 4425 419 4492 ⁴)
443 4442 518 4480 aren.
538 4426 559 4491 I,
579 4427 621 4492 21,
641 4427 702 4492 260,
724 4429 766 4482 11.

398 4511 420 4578 ⁵)
444 4513 477 4568 de
497 4532 557 4568 con.
578 4519 606 4569 et
626 4517 735 4584 sphaer.
754 4518 797 4582 29,
817 4518 878 4579 474,
897 4518 922 4571 4.
956 4518 989 4572 de
1007 4518 1071 4586 spir.
1086 4519 1128 4584 10,
1147 4521 1190 4586 36,
1211 4521 1252 4574 16.
1280 4521 1324 4582 38,
1343 4520 1369 4575 3.
1398 4521 1440 4586 11,
1455 4521 1540 4586 44,4.

396 4601 418 4666 ⁶)
443 4602 477 4658 de
495 4604 560 4671 spir.
582 4607 622 4672 10,
642 4606 684 4670 36,
706 4606 747 4659 ll.
769 4608 810 4660 13.
847 4608 882 4661 de
900 4608 976 4675 plan.
996 4625 1076 4677 aequ.
1095 4609 1130 4674 ΙΙ,
1151 4610 1193 4674 10,
1211 4610 1272 4675 234,
1292 4611 1316 4664 8.

399 4687 419 4756 ⁷)
443 4691 477 4744 de
497 4708 557 4746 oon.
577 4697 606 4746 et
624 4694 731 4762 sphaer.
751 4695 804 4750 def.
824 4696 885 4760 288,
907 4698 948 4750 16.
984 4699 1027 4762 29,
1047 4698 1109 4763 468,
1129 4699 1170 4752 23.
1207 4698 1269 4764 470,
1288 4699 1313 4752 2.
