3459 5200
811 416 854 485 28

219 603 376 696 originem
397 612 582 680 Tacitinam
608 618 866 699 anteponeretur.
914 615 952 680 ln
974 612 1174 683 Faruesiuno
1202 621 1310 681 autem
1334 615 1440 681 Taciti

219 720 383 787 annalium
410 726 536 806 partem
566 720 788 809 posteriorem,
820 722 982 803 historias,
1016 722 1191 808 dialogum,
1226 722 1442 809 Germaniam,
1481 707 1484 713 ¹

220 828 408 895 Suetonium
435 829 619 896 continente
641 830 832 916 scriptorum
854 836 998 897 tenorem
1022 851 1060 897 eo
1085 831 1218 898 consilio
1241 831 1439 897 immutatum

219 956 292 1003 esse
322 936 392 1004 veri
424 943 475 1005 est
505 937 712 1022 simillimum,
743 958 785 1003 ne
816 938 982 1005 annalium
1015 946 1048 1007 et
1080 939 1287 1006 historiarum
1318 939 1391 1005 libri
1419 960 1440 1005 a

100 1134 106 1148 ⁸
219 1044 335 1111 ceteris
358 1044 508 1131 operibns
531 1043 691 1111 Tacitinis
715 1044 799 1111 alius
822 1046 964 1113 auctoris
987 1046 1096 1113 libello
1120 1046 1392 1130 disiungerentur.

724 1208 937 1219 -——n-a--

782 1336 802 1414 ξ
826 1332 881 1400 IV.

262 1454 310 1535 lle
338 1455 577 1535 correctorum
606 1474 716 1555 opera
744 1456 776 1534 tn
805 1455 984 1535 codicibus
1014 1454 1039 1535 ll
1067 1456 1104 1536 et
1133 1454 1156 1535 Ε
1185 1454 1389 1555 conspicua.

306 1598 465 1679 Quoniam
492 1599 652 1685 quomodo
683 1600 806 1684 origine
838 1600 912 1667 libri
940 1601 1024 1668 inter
1052 1620 1088 1668 se
1116 1600 1311 1667 cohaereant
1338 1600 1440 1685 inqui·

194 1708 314 1788 ,sitnm
336 1714 395 1792 est,
417 1713 520 1774 restat
537 1713 574 1773 nt
592 1706 633 1773 de
656 1728 817 1774 consensu
840 1728 950 1774 eorum
972 1728 1036 1774 non
1059 1714 1175 1775 natura
1199 1718 1268 1773 orto
1289 1708 1348 1775 sed
1371 1714 1441 1774 arte

217 1836 300 1902 qnae
328 1814 459 1900 quidem
486 1815 637 1899 graviora
659 1814 832 1882 videantur
860 1835 934 1883 esse
948 1816 1103 1882 ¹brevitor
1126 1836 1336 1902 exponamus.
1382 1815 1440 1881 Eis

216 1944 300 2008 quac
323 1944 421 2010 supra
444 1921 610 2011 disputata
634 1930 707 1990 suut
729 1944 782 1990 res
805 1924 853 1989 ita
866 1930 1010 1991 mutatas
1035 1944 1108 1991 esso
1132 1932 1279 2012 apparet,
1303 1930 1338 1989 ut
1356 1944 1440 2008 quae

215 2030 384 2098 Michaelis
416 2031 457 2097 de
485 2030 644 2097 Vaticano
672 2031 701 2096 D
734 2031 896 2098 censuerit
920 2052 960 2097 ea
987 2052 1037 2098 me
1071 2032 1201 2116 quidem
1234 2031 1341 2099 iudice
1373 2030 1440 2097 fere

216 2137 337 2204 cadant
358 2138 392 2204 in
406 2137 665 2205 Ottobonianum.
712 2139 889 2205 Nemeum
913 2139 968 2205 ille
992 2140 1202 2225 comprobare
1227 2138 1347 2206 frustra
1372 2146 1438 2206 stn-

216 2244 321 2311 duerit
352 2246 505 2313 librorum
532 2246 620 2312 ABD
649 2266 809 2313 consensu
837 2244 1015 2332 archetypa
1042 2246 1074 2311 X
1102 2253 1134 2313 et
1161 2247 1190 2312 Y
1217 2244 1441 2331 redintegrari,

215 2373 407 2420 consensum
430 2360 537 2419 autem
561 2353 707 2420 codicum
721 2354 807 2419 ABE
831 2353 1021 2420 correctoris
1046 2374 1145 2440 opera
1169 2354 1201 2419 iu
1222 2352 1438 2420 Ottoboniano

215 2468 345 2528 versata
373 2481 447 2528 esse
475 2460 604 2547 sactum,
635 2481 696 2527 nos
725 2460 855 2545 quidem
883 2467 918 2527 ut
947 2460 1074 2545 nssuv,
1109 2469 1225 2528 natura
1252 2461 1439 2546 conspirare

215 2568 312 2636 certis
328 2569 525 2654 argumentis
542 2566 750 2655 ostendimus,
770 2568 817 2636 ita
831 2567 1024 2636 Vaticanum
1039 2569 1079 2656 l),
1097 2590 1161 2636 nou
1178 2567 1437 2648 Ottobonianum

215 2676 338 2744 librarii
365 2675 509 2743 familiae
532 2677 563 2742 X
589 2676 690 2743 libros
719 2676 922 2762 inspicientis
950 2697 1078 2743 manum
1107 2676 1355 2744 emendatricem
1387 2697 1439 2743 ex·

214 2792 340 2872 pertum
364 2803 438 2852 esse
461 2783 527 2850 iam
550 2783 849 2851 demonstrabimus.

302 2892 409 2978 Atque
427 2898 463 2958 ut
485 2892 716 2978 perlustremus
739 2892 932 2978 testimonia,
956 2893 998 2958 ab
1012 2891 1073 2959 hoo
1087 2893 1158 2958 loco
1182 2891 1437 2978 proficiscamur:

214 2998 294 3067 dial.
319 3019 369 3086 op.
392 3003 469 3069 41.3

533 3108 545 3160 l
562 3111 623 3176 quia
641 3110 699 3174 eni;

535 3180 662 3262 Quidem
684 3180 765 3264 pcc
785 3201 874 3244 mmo
896 3179 926 3244 A

532 3287 606 3372 qnid
627 3289 707 3351 enim
729 3287 810 3370 prcod
830 3309 919 3351 omno
942 3287 968 3351 B

532 3397 601 3478 prais
623 3396 703 3459 enim
725 3395 846 3478 qtcidma
869 3395 950 3479 qood
970 3415 1057 3459 oeno
1081 3393 1110 3458 D

533 3504 601 3586 pais
623 3504 704 3566 enim
724 3498 864 3584 Ev,cn.

302 3625 471 3694 Michaelis
503 3625 537 3692 in
566 3624 756 3712 spernendis
788 3623 931 3692 familiae
963 3625 993 3690 Y
1030 3624 1223 3692 lectionibus
1256 3625 1340 3692 adeo
1374 3625 1437 3692 sihi

213 3741 368 3802 constans
385 3730 462 3820 tuit,
491 3741 527 3800 ut
549 3733 719 3800 Leidensis
749 3733 943 3818 scripturam
965 3739 1000 3799 ut
1023 3733 1203 3799 Tacitinam
1229 3733 1369 3800 sermoni
1391 3733 1437 3799 in·

214 3848 344 3910 sereret.
381 3843 495 3927 Neque
516 3861 594 3908 vero
618 3839 749 3906 dubium
768 3846 826 3925 est,
850 3840 928 3924 quin
950 3838 1046 3908 lectio
1070 3844 1137 3926 puis
1161 3845 1240 3906 calm
1263 3839 1437 3925 innunt

212 3949 333 4017 tradita
353 3949 396 4017 sit
415 3949 565 4034 genuina,
589 3946 782 4036 praesertim
805 3967 878 4013 cum
901 3946 943 4015 do
966 3947 1119 4014 librorum
1133 3947 1221 4013 ABD
1245 3947 1438 4015 lectionibus

213 4057 357 4146 scrupuli
380 4058 449 4124 tolli
474 4056 552 4122 mihi
575 4053 705 4141 quidem
727 4054 899 4122 videantur
913 4054 1051 4121 Vahleni
1075 4055 1132 4121 illa
1156 4055 1348 4136 coniectura,
1374 4076 1438 4140 qua

212 4165 364 4232 Bindinm
390 4166 435 4250 (v.
458 4187 490 4250 p.
514 4165 569 4241 21)
601 4162 677 4230 illas
709 4162 887 4249 scripturas
919 4168 1007 4228 ortm
1035 4183 1106 4228 esso
1133 4160 1244 4228 docuit
1274 4182 1314 4228 ex
1342 4161 1437 4230 inter-

213 4280 415 4362 pretamento
442 4276 463 4339 ι’.
493 4294 520 4358 q.
548 4293 636 4337 nouo
668 4270 767 4352 (idem
799 4269 887 4355 qnod
918 4271 1036 4356 nemo),
1070 4269 1156 4354 qnod
1189 4288 1288 4356 supra
1320 4269 1438 4338 lineam

214 4381 377 4449 adiectum
399 4379 523 4446 librarii
545 4377 761 4465 imprudentia
785 4398 858 4446 cnm
881 4377 989 4444 Taciti
1010 4376 1119 4444 verbis
1150 4376 1317 4444 confusum
1341 4385 1438 4448 esset.

213 4491 320 4574 Atque
332 4485 485 4554 Vaticani
504 4486 535 4551 Α
556 4485 728 4553 lectionem
752 4485 816 4552 iam
839 4486 874 4551 in
896 4485 928 4551 X
952 4482 1052 4552 fnisse
1076 4485 1251 4551 exhibitam
1277 4505 1317 4552 ea
1340 4505 1381 4553 ex
1403 4507 1439 4554 ro

214 4595 350 4663 Bindius
377 4595 465 4660 iusta
492 4613 594 4660 causa
621 4592 739 4673 effecit,
775 4592 862 4678 quod
889 4593 923 4659 in
952 4591 1065 4660 codice
1092 4591 1120 4656 B
1152 4591 1232 4659 illud
1259 4595 1333 4678 quid
1358 4597 1439 4659 esim

214 4724 255 4770 ex
277 4706 345 4789 quala
367 4705 446 4768 enim
469 4708 503 4768 et
525 4703 646 4786 wdcm
673 4700 848 4767 conflatum
876 4707 972 4768 osset.
1020 4698 1114 4776 Quod
1143 4706 1250 4792 autem
1273 4700 1342 4766 veri
1365 4719 1438 4766 assa
