3459 5200
722 385 765 452 35

131 588 189 664 tas,
213 579 375 647 dissensio
400 588 432 647 et
456 580 642 659 concordia3
667 601 802 665 quorum
826 581 937 664 aliqua
960 581 994 646 in
1017 580 1082 646 illis
1102 600 1229 665 quoque
1245 586 1356 646 extant

129 687 278 772 vestigia,
302 695 443 754 ceterum
465 691 669 754 bumanorum
686 695 850 773 pectorum
866 691 1000 772 proprio
1013 690 1092 754 bono
1105 687 1257 771 malaque
1272 692 1355 752 sunt.

128 793 205 860 nulli
234 796 298 861 nisi
325 799 441 860 boorini
463 816 619 863 concessa
647 795 820 880 prudentia
848 802 907 879 est,
935 794 1148 880 providentia,
1177 793 1356 878 diligentia,

128 901 294 986 cogitatio,
318 923 378 968 nec
402 909 526 968 tantum
551 906 710 970 cir-tatibus
732 906 873 996 botrionis
895 905 1043 968 aairrralic
1066 900 1125 968 sed
1149 902 1247 966 etiam
1269 899 1356 967 vitiis

128 1007 292 1092 prohibita
307 1016 389 1076 sunt
422 1011 479 1095 Ep.
498 1014 548 1078 lb.
567 1015 605 1077 15
621 1031 684 1094 sq:
708 1011 811 1076 bonus
826 1015 934 1075 autem
949 1016 999 1075 est
1021 1007 1206 1094 (seberus),
1230 1007 1259 1074 si
1274 1008 1356 1072 ratio

128 1117 286 1201 explicita
310 1123 342 1182 et
365 1123 456 1184 recta
480 1123 528 1184 est
557 1124 590 1183 et
617 1117 659 1182 ad
687 1124 823 1182 naturae
851 1136 931 1182 suae
953 1116 1151 1181 voluntatem
1174 1113 1356 1180 adcommo-

127 1223 214 1288 data.
264 1223 348 1289 haec
371 1230 506 1290 vocatur
528 1228 638 1306 virtus,
667 1223 728 1289 hoc
752 1231 802 1290 est
824 1223 994 1289 honestum
1021 1229 1055 1288 et
1079 1226 1204 1288 animm
1225 1225 1357 1289 bominis

127 1333 248 1396 bonurn.
298 1331 359 1415 Ep.
384 1333 437 1398 94.
453 1334 488 1398 8:
522 1351 592 1396 cnm
621 1335 760 1396 cirtatem
787 1334 911 1396 unicum
938 1332 1050 1396 bonurn
1071 1332 1201 1395 bominis
1224 1328 1356 1394 adama-

126 1438 217 1504 verit.
268 1438 328 1522 Ep.
356 1439 428 1504 123.
445 1442 500 1504 16:
534 1439 635 1505 Nemo
665 1443 714 1504 est
742 1458 821 1504 casu
849 1439 961 1503 bonus.
990 1435 1148 1503 discenda
1173 1438 1271 1502 virtus
1299 1443 1356 1503 est

126 1544 279 1630 voluptas
304 1544 434 1610 humilis
462 1565 514 1610 res
547 1552 578 1611 et
611 1545 731 1630 pusilla
764 1551 814 1612 est
842 1551 875 1610 et
903 1545 935 1610 in
959 1544 1046 1610 nullo
1070 1542 1221 1609 habenda
1243 1543 1356 1628 pretio,

127 1651 306 1717 communis
330 1670 399 1717 cum
424 1655 517 1718 ruatis
539 1654 731 1718 animalibus.

214 1867 254 1934 Τ.
291 1865 373 1931 Ano.
407 1865 450 1931 IV
479 1868 532 1936 34.
548 1869 589 1932 27
624 1866 668 1946 (in
702 1865 854 1932 Cremutii
889 1863 985 1930 Cordi
1014 1864 1188 1947 orationel:
1218 1886 1356 1950 namque

127 1981 237 2059 spreta
262 1971 468 2039 exolescunt:
494 1972 521 2040 si
545 1973 697 2058 irascare,
720 1976 845 2056 odpnitu
868 1971 1026 2039 videntur.

216 2081 249 2146 S.
274 2079 316 2145 de
341 2087 441 2146 const.
464 2100 532 2166 sap.
554 2079 630 2144 XIV
651 2083 687 2148 3:
711 2100 775 2145 non
799 2079 978 2145 vindicavit
1000 2079 1150 2144 iniuriam
1174 2080 1357 2164 (satiato),

127 2207 166 2252 ne
189 2187 317 2253 remisit
340 2185 478 2272 quidem,
502 2186 559 2252 sed
584 2188 703 2252 iactam
727 2186 873 2270 negavit,
897 2186 1019 2252 maiore
1034 2186 1141 2251 animo
1156 2207 1219 2251 non
1237 2191 1358 2270 opsonii

129 2314 223 2376 quam
240 2294 431 2378 ignovisset.
456 2293 497 2358 de
521 2294 569 2358 ira
584 2295 790 2378 1132.2sq.:
820 2293 935 2359 Melius
959 2293 1086 2378 putavit
1108 2313 1172 2358 non
1195 2315 1357 2377 cqaoscere

128 2421 223 2483 quam
247 2399 424 2468 vindicare.
516 2401 627 2485 magni
651 2399 749 2467 animi
774 2406 825 2466 est
847 2400 983 2466 iniurias
1007 2400 1185 2486 despicere.

215 2616 253 2680 Τ.
278 2614 360 2679 Ann.
386 2614 430 2679 IV
454 2617 543 2683 40.3
567 2616 613 2695 (in
637 2614 759 2682 Tiberii
783 2615 957 2698 oratione):
991 2618 1098 2679 oeteis
1119 2617 1300 2682 mortalibus
1323 2615 1355 2680 in

128 2742 164 2787 eo
189 2729 279 2789 stare
304 2720 453 2808 consilia,
482 2720 560 2806 quid
590 2722 651 2789 sibi
680 2722 859 2788 conducere
892 2727 1020 2808 putent,
1047 2725 1224 2807 princepum
1253 2722 1355 2789 diver-

128 2850 195 2894 sam
220 2850 296 2895 esse
321 2836 448 2914 sortem,
472 2829 589 2913 quibus
613 2830 790 2915 praecipua
818 2850 922 2898 rerum
952 2828 994 2893 ad
1016 2834 1141 2912 sarnum
1169 2828 1356 2913 derigenda.

128 2936 205 3002 rlnn.
229 2937 276 3001 IV
301 2938 427 3002 38.19;
454 2942 562 3001 cetera
580 2938 773 3021 principiam
796 2938 906 3002 statim
930 2935 1062 3001 adesse:
1097 2956 1194 3000 unum
1222 2935 1355 3003 insatia-

129 3042 234 3109 biliter
254 3041 444 3128 parandum,
463 3063 652 3129 prosperam
672 3043 721 3109 sui
741 3043 943 3126 memoriam,
967 3063 1042 3107 nam
1056 3049 1239 3127 contemptu
1246 3049 1357 3128 fornice

128 3150 288 3216 contemni
311 3148 457 3215 virtutes.

214 3256 248 3326 S.
285 3254 326 3322 de
358 3254 449 3323 clem.
484 3258 499 3320 I
531 3258 580 3323 15.
601 3258 636 3322 5:
676 3259 796 3341 quilibet
827 3266 967 3322 nostram
1000 3255 1166 3323 debuisset
1199 3256 1355 3323 adversus

129 3362 297 3448 opiniones
331 3362 492 3447 malignas
525 3362 607 3429 satis
639 3363 779 3431 fiduciae
811 3364 932 3431 habere
964 3363 997 3429 in
1029 3364 1116 3429 bona
1147 3363 1354 3443 conscientia,

124 3474 280 3555 principes
304 3469 405 3535 multa
430 3469 548 3536 debent
572 3470 669 3535 etiam
687 3476 797 3555 forme
826 3470 915 3540 dare.
945 3470 986 3536 de
1015 3469 1106 3539 elem.
1132 3470 1249 3537 181:
1282 3470 1357 3536 Alia

129 3575 275 3642 condicio
300 3582 350 3641 est
378 3597 502 3661 eorum,
534 3577 588 3660 qui
619 3577 653 3641 in
676 3578 782 3663 turba,
815 3598 911 3662 quam
944 3597 1008 3642 non
1040 3575 1215 3662 excedunt,
1247 3577 1355 3662 latent,

129 3704 260 3765 quornm
285 3690 318 3750 et
339 3684 482 3770 virtutes,
505 3692 540 3749 ut
563 3684 753 3770 adpareant,
782 3685 837 3751 diu
860 3687 1022 3752 luctantur
1047 3692 1079 3751 et
1101 3685 1180 3750 vitia
1203 3685 1355 3750 tenebras

128 3788 260 3869 habent;
285 3798 394 3857 vestra
418 3789 505 3857 facta
530 3790 682 3877 dictaque
706 3813 815 3858 rumor
838 3793 969 3878 excipit,
993 3801 1026 3858 et
1046 3792 1121 3857 ideo
1135 3791 1234 3858 nullis
1248 3791 1355 3875 magis

129 3898 304 3964 curandum
328 3905 386 3977 est,
412 3898 540 3982 qualem
556 3905 680 3984 sornam
703 3899 853 3986 habeant,
878 3920 975 3984 quam
999 3900 1062 3984 qni,
1091 3899 1355 3983 qualemcumque

129 4005 309 4089 meruerint,
333 4025 483 4089 magnam
506 4006 646 4071 habituri
671 4012 755 4075 sunt.
780 4007 823 4072 ad
846 4007 945 4073 Marc.
971 4007 1013 4073 de
1038 4006 1158 4074 consol.
1183 4006 1226 4071 lV
1244 4016 1276 4071 3:
1300 4004 1353 4070 de·

131 4110 204 4177 disti
229 4131 369 4197 operam,
397 4132 438 4177 ne
466 4112 543 4196 quid
577 4120 673 4196 esset,
707 4113 792 4197 qnod
821 4115 853 4180 in
883 4120 916 4179 te
939 4114 1109 4198 quisquam
1132 4111 1353 4198 reprenderet,

132 4236 187 4282 nec
210 4218 244 4285 id
269 4220 300 4285 in
324 4219 499 4286 maioribus
522 4220 618 4287 modo
648 4222 843 4307 observasti,
872 4222 929 4289 sed
960 4222 993 4287 in
1020 4221 1173 4305 minimis,
1206 4241 1245 4286 ne
1277 4219 1354 4303 quid

132 4322 260 4412 faceres,
280 4326 331 4391 cui
339 4332 475 4411 sarnam,
496 4327 689 4394 liberrimam
700 4333 878 4415 principum
892 4328 1041 4414 iudicem,
1055 4328 1157 4393 velles
1172 4327 1352 4410 ignoscere.

217 4540 253 4603 Τ.
269 4541 350 4609 dnn.
371 4542 434 4619 llll
450 4544 502 4609 20.
518 4544 553 4609 8:
579 4543 655 4625 quin
679 4544 836 4629 arriperet
858 4542 969 4609 oblata
994 4550 1026 4609 et
1050 4548 1194 4608 servaret
1218 4542 1353 4626 exulem,

136 4644 184 4705 cni
206 4644 291 4733 inopi
316 4654 436 4732 quanto
462 4651 625 4731 turpiorem
650 4654 751 4732 citare,
776 4658 865 4716 tanto
889 4649 962 4736 plus
985 4651 1126 4735 reapplirii
1149 4649 1227 4716 sore.
