<?xml version="1.0" encoding="UTF-8"?>
<!DOCTYPE html PUBLIC "-//W3C//DTD XHTML 1.0 Transitional//EN"
    "http://www.w3.org/TR/xhtml1/DTD/xhtml1-transitional.dtd">
<html xmlns="http://www.w3.org/1999/xhtml" xml:lang="en" lang="en">
 <head>
  <title>
</title>
<meta http-equiv="Content-Type" content="text/html;charset=utf-8" />
  <meta name='ocr-system' content='tesseract 3.04.00' />
  <meta name='ocr-capabilities' content='ocr_page ocr_carea ocr_par ocr_line ocrx_word'/>
</head>
<body>
  <div class='ocr_page' id='page_1' title='image "./detacitosenecae00zimmgoog_0331.png"; bbox 0 0 3459 5200; ppageno 0'>
   <div class='ocr_carea' id='block_1_1' title="bbox 980 550 1022 614">
    <p class='ocr_par' dir='ltr' id='par_1_1' title="bbox 980 550 1022 614">
     <span class='ocr_line' id='line_1_1' title="bbox 980 550 1022 614; baseline 0 0"><span class='ocrx_word' id='word_1_1' title='bbox 980 550 1022 614; x_wconf 72' lang='lat'>34</span> 
     </span>
    </p>
   </div>
   <div class='ocr_carea' id='block_1_2' title="bbox 899 639 1101 646">
    <p class='ocr_par' dir='ltr' id='par_1_2' title="bbox 899 639 1101 646">
     <span class='ocr_line' id='line_1_2' title="bbox 899 639 1101 646; baseline 0 0"><span class='ocrx_word' id='word_1_2' title='bbox 899 639 1101 646; x_wconf 71' lang='lat' dir='ltr'>-n-———</span> 
     </span>
    </p>
   </div>
   <div class='ocr_carea' id='block_1_3' title="bbox 375 752 1596 4359">
    <p class='ocr_par' dir='ltr' id='par_1_3' title="bbox 375 752 1588 1768">
     <span class='ocr_line' id='line_1_3' title="bbox 500 752 1585 838; baseline 0.004 -20"><span class='ocrx_word' id='word_1_3' title='bbox 500 755 622 819; x_wconf 88' lang='lat' dir='ltr'>Verum</span> <span class='ocrx_word' id='word_1_4' title='bbox 644 773 686 820; x_wconf 91' lang='lat' dir='ltr'>ne</span> <span class='ocrx_word' id='word_1_5' title='bbox 708 754 828 836; x_wconf 82' lang='lat' dir='ltr'>longus</span> <span class='ocrx_word' id='word_1_6' title='bbox 853 752 926 833; x_wconf 81' lang='lat' dir='ltr'>sini,</span> <span class='ocrx_word' id='word_1_7' title='bbox 951 754 1017 818; x_wconf 90' lang='lat' dir='ltr'>iam</span> <span class='ocrx_word' id='word_1_8' title='bbox 1040 755 1122 818; x_wconf 88' lang='lat' dir='ltr'>satis</span> <span class='ocrx_word' id='word_1_9' title='bbox 1145 758 1226 836; x_wconf 94' lang='lat' dir='ltr'>puto</span> <span class='ocrx_word' id='word_1_10' title='bbox 1242 755 1438 838; x_wconf 84' lang='lat' dir='ltr'>apparuisse</span> <span class='ocrx_word' id='word_1_11' title='bbox 1453 761 1585 822; x_wconf 85' lang='lat' dir='ltr'>tantam</span> 
     </span>
     <span class='ocr_line' id='line_1_4' title="bbox 415 857 1585 942; baseline -0.001 -19"><span class='ocrx_word' id='word_1_12' title='bbox 415 879 475 941; x_wconf 88' lang='lat' dir='ltr'>per</span> <span class='ocrx_word' id='word_1_13' title='bbox 496 861 604 924; x_wconf 93' lang='lat' dir='ltr'>totum</span> <span class='ocrx_word' id='word_1_14' title='bbox 628 857 905 923; x_wconf 88' lang='lat' dir='ltr'>commentarium</span> <span class='ocrx_word' id='word_1_15' title='bbox 929 861 962 922; x_wconf 91' lang='lat' dir='ltr'>et</span> <span class='ocrx_word' id='word_1_16' title='bbox 985 858 1019 922; x_wconf 93' lang='lat' dir='ltr'>in</span> <span class='ocrx_word' id='word_1_17' title='bbox 1042 857 1229 940; x_wconf 80' lang='lat' dir='ltr'>argumenti</span> <span class='ocrx_word' id='word_1_18' title='bbox 1246 859 1469 942; x_wconf 82' lang='lat' dir='ltr'>dispositione</span> <span class='ocrx_word' id='word_1_19' title='bbox 1492 860 1585 924; x_wconf 88' lang='lat' dir='ltr'>etin</span> 
     </span>
     <span class='ocr_line' id='line_1_5' title="bbox 416 961 1585 1046; baseline 0.001 -20"><span class='ocrx_word' id='word_1_20' title='bbox 416 961 549 1026; x_wconf 88' lang='lat' dir='ltr'>dicendi</span> <span class='ocrx_word' id='word_1_21' title='bbox 578 981 699 1044; x_wconf 85' lang='lat' dir='ltr'>genere</span> <span class='ocrx_word' id='word_1_22' title='bbox 728 961 877 1043; x_wconf 83' lang='lat' dir='ltr'>conspici</span> <span class='ocrx_word' id='word_1_23' title='bbox 901 962 1147 1044; x_wconf 87' lang='lat' dir='ltr'>aequalitatem,</span> <span class='ocrx_word' id='word_1_24' title='bbox 1177 966 1303 1046; x_wconf 90' lang='lat' dir='ltr'>quanta</span> <span class='ocrx_word' id='word_1_25' title='bbox 1324 964 1585 1046; x_wconf 82' lang='lat' dir='ltr'>haudquaquam</span> 
     </span>
     <span class='ocr_line' id='line_1_6' title="bbox 415 1065 1586 1149; baseline -0.001 -18"><span class='ocrx_word' id='word_1_26' title='bbox 415 1087 455 1131; x_wconf 90' lang='lat' dir='ltr'>eo</span> <span class='ocrx_word' id='word_1_27' title='bbox 485 1065 566 1131; x_wconf 90' lang='lat' dir='ltr'>oriri</span> <span class='ocrx_word' id='word_1_28' title='bbox 587 1069 709 1148; x_wconf 87' lang='lat' dir='ltr'>potest,</span> <span class='ocrx_word' id='word_1_29' title='bbox 733 1065 821 1148; x_wconf 83' lang='lat' dir='ltr'>quod</span> <span class='ocrx_word' id='word_1_30' title='bbox 845 1065 988 1130; x_wconf 86' lang='lat' dir='ltr'>duorum</span> <span class='ocrx_word' id='word_1_31' title='bbox 1011 1065 1186 1130; x_wconf 91' lang='lat' dir='ltr'>hominum</span> <span class='ocrx_word' id='word_1_32' title='bbox 1209 1066 1313 1131; x_wconf 90' lang='lat' dir='ltr'>libelli</span> <span class='ocrx_word' id='word_1_33' title='bbox 1336 1088 1357 1131; x_wconf 98' lang='lat' dir='ltr'>a</span> <span class='ocrx_word' id='word_1_34' title='bbox 1377 1066 1476 1131; x_wconf 88' lang='lat' dir='ltr'>tertio</span> <span class='ocrx_word' id='word_1_35' title='bbox 1499 1086 1586 1149; x_wconf 92' lang='lat' dir='ltr'>quo-</span> 
     </span>
     <span class='ocr_line' id='line_1_7' title="bbox 416 1167 1586 1252; baseline -0.002 -18"><span class='ocrx_word' id='word_1_36' title='bbox 416 1171 493 1235; x_wconf 87' lang='lat' dir='ltr'>dam</span> <span class='ocrx_word' id='word_1_37' title='bbox 517 1170 599 1252; x_wconf 89' lang='lat' dir='ltr'>ipsis</span> <span class='ocrx_word' id='word_1_38' title='bbox 628 1171 801 1236; x_wconf 89' lang='lat' dir='ltr'>auctorum</span> <span class='ocrx_word' id='word_1_39' title='bbox 830 1167 941 1232; x_wconf 87' lang='lat' dir='ltr'>verbis</span> <span class='ocrx_word' id='word_1_40' title='bbox 971 1167 1224 1234; x_wconf 88' lang='lat' dir='ltr'>accuratissime</span> <span class='ocrx_word' id='word_1_41' title='bbox 1252 1168 1393 1234; x_wconf 83' lang='lat' dir='ltr'>servatis</span> <span class='ocrx_word' id='word_1_42' title='bbox 1422 1169 1457 1232; x_wconf 89' lang='lat' dir='ltr'>in</span> <span class='ocrx_word' id='word_1_43' title='bbox 1477 1187 1586 1233; x_wconf 90' lang='lat' dir='ltr'>unum</span> 
     </span>
     <span class='ocr_line' id='line_1_8' title="bbox 418 1271 1586 1357; baseline -0.001 -19"><span class='ocrx_word' id='word_1_44' title='bbox 418 1294 538 1357; x_wconf 88' lang='lat' dir='ltr'>corpus</span> <span class='ocrx_word' id='word_1_45' title='bbox 562 1271 842 1354; x_wconf 75' lang='lat' dir='ltr'>conglutinantur.</span> <span class='ocrx_word' id='word_1_46' title='bbox 888 1271 961 1335; x_wconf 89' lang='lat' dir='ltr'>Hoc</span> <span class='ocrx_word' id='word_1_47' title='bbox 985 1271 1103 1337; x_wconf 91' lang='lat' dir='ltr'>saltem</span> <span class='ocrx_word' id='word_1_48' title='bbox 1127 1271 1234 1355; x_wconf 88' lang='lat' dir='ltr'>quivis</span> <span class='ocrx_word' id='word_1_49' title='bbox 1258 1273 1421 1337; x_wconf 88' lang='lat' dir='ltr'>concedat</span> <span class='ocrx_word' id='word_1_50' title='bbox 1442 1291 1586 1337; x_wconf 81' lang='lat' dir='ltr'>necesse</span> 
     </span>
     <span class='ocr_line' id='line_1_9' title="bbox 415 1374 1588 1457; baseline -0.003 -14"><span class='ocrx_word' id='word_1_51' title='bbox 415 1383 476 1456; x_wconf 88' lang='lat' dir='ltr'>est,</span> <span class='ocrx_word' id='word_1_52' title='bbox 501 1377 529 1442; x_wconf 90' lang='lat' dir='ltr'>si</span> <span class='ocrx_word' id='word_1_53' title='bbox 553 1395 689 1440; x_wconf 89' lang='lat' dir='ltr'>revera</span> <span class='ocrx_word' id='word_1_54' title='bbox 712 1374 900 1457; x_wconf 84' lang='lat' dir='ltr'>complures</span> <span class='ocrx_word' id='word_1_55' title='bbox 923 1378 1077 1440; x_wconf 84' lang='lat' dir='ltr'>auctores</span> <span class='ocrx_word' id='word_1_56' title='bbox 1101 1375 1135 1439; x_wconf 94' lang='lat' dir='ltr'>in</span> <span class='ocrx_word' id='word_1_57' title='bbox 1159 1377 1401 1441; x_wconf 88' lang='lat' dir='ltr'>commentario</span> <span class='ocrx_word' id='word_1_58' title='bbox 1434 1377 1490 1442; x_wconf 93' lang='lat' dir='ltr'>illo</span> <span class='ocrx_word' id='word_1_59' title='bbox 1522 1397 1588 1440; x_wconf 76' lang='lat' dir='ltr'>ex-</span> 
     </span>
     <span class='ocr_line' id='line_1_10' title="bbox 415 1477 1587 1562; baseline -0.002 -16"><span class='ocrx_word' id='word_1_60' title='bbox 415 1479 530 1562; x_wconf 89' lang='lat' dir='ltr'>scripti</span> <span class='ocrx_word' id='word_1_61' title='bbox 547 1481 634 1558; x_wconf 89' lang='lat' dir='ltr'>sunt,</span> <span class='ocrx_word' id='word_1_62' title='bbox 658 1477 792 1543; x_wconf 89' lang='lat' dir='ltr'>tertium</span> <span class='ocrx_word' id='word_1_63' title='bbox 813 1477 907 1543; x_wconf 88' lang='lat' dir='ltr'>illum</span> <span class='ocrx_word' id='word_1_64' title='bbox 930 1479 1103 1544; x_wconf 90' lang='lat' dir='ltr'>hominem</span> <span class='ocrx_word' id='word_1_65' title='bbox 1125 1499 1240 1544; x_wconf 86' lang='lat' dir='ltr'>eorum</span> <span class='ocrx_word' id='word_1_66' title='bbox 1256 1480 1360 1544; x_wconf 90' lang='lat' dir='ltr'>verba</span> <span class='ocrx_word' id='word_1_67' title='bbox 1381 1500 1450 1544; x_wconf 91' lang='lat' dir='ltr'>non</span> <span class='ocrx_word' id='word_1_68' title='bbox 1472 1481 1587 1544; x_wconf 85' lang='lat' dir='ltr'>obiter</span> 
     </span>
     <span class='ocr_line' id='line_1_11' title="bbox 414 1581 1588 1664; baseline -0.001 -15"><span class='ocrx_word' id='word_1_69' title='bbox 414 1584 605 1662; x_wconf 86' lang='lat' dir='ltr'>consuisse,</span> <span class='ocrx_word' id='word_1_70' title='bbox 635 1581 693 1646; x_wconf 89' lang='lat' dir='ltr'>sed</span> <span class='ocrx_word' id='word_1_71' title='bbox 721 1581 857 1664; x_wconf 91' lang='lat' dir='ltr'>proprio</span> <span class='ocrx_word' id='word_1_72' title='bbox 887 1581 1009 1646; x_wconf 88' lang='lat' dir='ltr'>iudicio</span> <span class='ocrx_word' id='word_1_73' title='bbox 1038 1603 1136 1648; x_wconf 92' lang='lat' dir='ltr'>usum</span> <span class='ocrx_word' id='word_1_74' title='bbox 1158 1582 1243 1648; x_wconf 87' lang='lat' dir='ltr'>adeo</span> <span class='ocrx_word' id='word_1_75' title='bbox 1267 1583 1459 1648; x_wconf 88' lang='lat' dir='ltr'>confudisse</span> <span class='ocrx_word' id='word_1_76' title='bbox 1481 1587 1588 1664; x_wconf 85' lang='lat' dir='ltr'>atque</span> 
     </span>
     <span class='ocr_line' id='line_1_12' title="bbox 375 1685 1367 1768; baseline 0.004 -22"><span class='ocrx_word' id='word_1_77' title='bbox 375 1741 378 1746; x_wconf 86' lang='lat'>.</span> <span class='ocrx_word' id='word_1_78' title='bbox 414 1689 619 1764; x_wconf 83' lang='lat' dir='ltr'>immutasse,</span> <span class='ocrx_word' id='word_1_79' title='bbox 642 1689 678 1748; x_wconf 93' lang='lat' dir='ltr'>ut</span> <span class='ocrx_word' id='word_1_80' title='bbox 701 1704 824 1749; x_wconf 87' lang='lat' dir='ltr'>novum</span> <span class='ocrx_word' id='word_1_81' title='bbox 848 1685 1015 1768; x_wconf 89' lang='lat' dir='ltr'>quendam</span> <span class='ocrx_word' id='word_1_82' title='bbox 1037 1686 1188 1750; x_wconf 90' lang='lat' dir='ltr'>libellum</span> <span class='ocrx_word' id='word_1_83' title='bbox 1210 1687 1367 1750; x_wconf 81' lang='lat' dir='ltr'>effecerit.</span> 
     </span>
    </p>

    <p class='ocr_par' dir='ltr' id='par_1_4' title="bbox 409 1787 1595 3840">
     <span class='ocr_line' id='line_1_13' title="bbox 498 1787 1585 1870; baseline 0 -16"><span class='ocrx_word' id='word_1_84' title='bbox 498 1791 550 1868; x_wconf 84' lang='lat' dir='ltr'>At,</span> <span class='ocrx_word' id='word_1_85' title='bbox 585 1787 706 1870; x_wconf 86' lang='lat' dir='ltr'>inquis,</span> <span class='ocrx_word' id='word_1_86' title='bbox 740 1807 799 1852; x_wconf 91' lang='lat' dir='ltr'>cur</span> <span class='ocrx_word' id='word_1_87' title='bbox 820 1788 967 1853; x_wconf 61' lang='lat' dir='ltr'>&#39;tandem</span> <span class='ocrx_word' id='word_1_88' title='bbox 996 1789 1143 1854; x_wconf 87' lang='lat' dir='ltr'>Hensius</span> <span class='ocrx_word' id='word_1_89' title='bbox 1173 1790 1459 1864; x_wconf 89' lang='lat' dir='ltr'>commentarium,</span> <span class='ocrx_word' id='word_1_90' title='bbox 1483 1790 1585 1854; x_wconf 85' lang='lat' dir='ltr'>cuius</span> 
     </span>
     <span class='ocr_line' id='line_1_14' title="bbox 415 1891 1586 1976; baseline -0.003 -16"><span class='ocrx_word' id='word_1_91' title='bbox 415 1893 558 1976; x_wconf 87' lang='lat' dir='ltr'>capitula</span> <span class='ocrx_word' id='word_1_92' title='bbox 580 1896 649 1956; x_wconf 87' lang='lat' dir='ltr'>tam</span> <span class='ocrx_word' id='word_1_93' title='bbox 671 1891 774 1956; x_wconf 91' lang='lat' dir='ltr'>tirmis</span> <span class='ocrx_word' id='word_1_94' title='bbox 803 1891 892 1955; x_wconf 91' lang='lat' dir='ltr'>inter</span> <span class='ocrx_word' id='word_1_95' title='bbox 925 1913 961 1956; x_wconf 91' lang='lat' dir='ltr'>se</span> <span class='ocrx_word' id='word_1_96' title='bbox 990 1892 1188 1974; x_wconf 90' lang='lat' dir='ltr'>copulentur</span> <span class='ocrx_word' id='word_1_97' title='bbox 1214 1894 1367 1970; x_wconf 87' lang='lat' dir='ltr'>vinculis,</span> <span class='ocrx_word' id='word_1_98' title='bbox 1403 1894 1437 1957; x_wconf 91' lang='lat' dir='ltr'>in</span> <span class='ocrx_word' id='word_1_99' title='bbox 1469 1893 1586 1957; x_wconf 83' lang='lat' dir='ltr'>diver·</span> 
     </span>
     <span class='ocr_line' id='line_1_15' title="bbox 418 1995 1587 2076; baseline -0.003 -13"><span class='ocrx_word' id='word_1_100' title='bbox 418 2017 531 2062; x_wconf 91' lang='lat' dir='ltr'>sorum</span> <span class='ocrx_word' id='word_1_101' title='bbox 554 1999 729 2059; x_wconf 88' lang='lat' dir='ltr'>auctorum</span> <span class='ocrx_word' id='word_1_102' title='bbox 752 1995 939 2076; x_wconf 78' lang='lat' dir='ltr'>fragmenta</span> <span class='ocrx_word' id='word_1_103' title='bbox 961 1995 1214 2060; x_wconf 86' lang='lat' dir='ltr'>dissolvendum</span> <span class='ocrx_word' id='word_1_104' title='bbox 1230 2017 1305 2061; x_wconf 88' lang='lat' dir='ltr'>esse</span> <span class='ocrx_word' id='word_1_105' title='bbox 1322 1997 1472 2061; x_wconf 79' lang='lat' dir='ltr'>censuit?</span> <span class='ocrx_word' id='word_1_106' title='bbox 1493 1995 1587 2060; x_wconf 88' lang='lat' dir='ltr'>Illud</span> 
     </span>
     <span class='ocr_line' id='line_1_16' title="bbox 413 2098 1587 2185; baseline -0.002 -19"><span class='ocrx_word' id='word_1_107' title='bbox 413 2102 521 2167; x_wconf 88' lang='lat' dir='ltr'>solum</span> <span class='ocrx_word' id='word_1_108' title='bbox 544 2099 663 2176; x_wconf 87' lang='lat' dir='ltr'>attulit,</span> <span class='ocrx_word' id='word_1_109' title='bbox 687 2098 775 2182; x_wconf 91' lang='lat' dir='ltr'>quod</span> <span class='ocrx_word' id='word_1_110' title='bbox 798 2103 912 2181; x_wconf 90' lang='lat' dir='ltr'>partes</span> <span class='ocrx_word' id='word_1_111' title='bbox 936 2100 1123 2181; x_wconf 88' lang='lat' dir='ltr'>specierum</span> <span class='ocrx_word' id='word_1_112' title='bbox 1145 2100 1355 2185; x_wconf 88' lang='lat' dir='ltr'>quarundam</span> <span class='ocrx_word' id='word_1_113' title='bbox 1383 2101 1443 2164; x_wconf 84' lang='grc' dir='ltr'>τῶν</span> <span class='ocrx_word' id='word_1_114' title='bbox 1464 2121 1587 2185; x_wconf 70' lang='grc' dir='ltr'>συστη-</span> 
     </span>
     <span class='ocr_line' id='line_1_17' title="bbox 413 2200 1588 2290; baseline -0.002 -20"><span class='ocrx_word' id='word_1_115' title='bbox 413 2203 610 2290; x_wconf 52' lang='grc' dir='ltr'>ματικῶνάπ</span> <span class='ocrx_word' id='word_1_116' title='bbox 639 2202 855 2284; x_wconf 84' lang='lat' dir='ltr'>epodioorum</span> <span class='ocrx_word' id='word_1_117' title='bbox 885 2207 918 2268; x_wconf 89' lang='lat' dir='ltr'>et</span> <span class='ocrx_word' id='word_1_118' title='bbox 945 2207 1005 2267; x_wconf 81' lang='grc' dir='ltr'>τῶν</span> <span class='ocrx_word' id='word_1_119' title='bbox 1038 2203 1121 2267; x_wconf 79' lang='grc' dir='ltr'>κατὰ</span> <span class='ocrx_word' id='word_1_120' title='bbox 1148 2203 1321 2289; x_wconf 76' lang='grc' dir='ltr'>περικοπὴν</span> <span class='ocrx_word' id='word_1_121' title='bbox 1348 2200 1588 2289; x_wconf 80' lang='grc' dir='ltr'>ἄνομοιομερῶν</span> 
     </span>
     <span class='ocr_line' id='line_1_18' title="bbox 413 2303 1587 2393; baseline 0 -20"><span class='ocrx_word' id='word_1_122' title='bbox 413 2307 694 2391; x_wconf 85' lang='lat' dir='ltr'>descriptionibus</span> <span class='ocrx_word' id='word_1_123' title='bbox 718 2311 917 2372; x_wconf 88' lang='lat' dir='ltr'>vocarentur</span> <span class='ocrx_word' id='word_1_124' title='bbox 939 2327 1008 2371; x_wconf 91' lang='lat' dir='ltr'>non</span> <span class='ocrx_word' id='word_1_125' title='bbox 1032 2303 1224 2393; x_wconf 71' lang='grc' dir='ltr'>συστήματα,</span> <span class='ocrx_word' id='word_1_126' title='bbox 1254 2309 1314 2373; x_wconf 89' lang='lat' dir='ltr'>sed</span> <span class='ocrx_word' id='word_1_127' title='bbox 1342 2307 1488 2393; x_wconf 81' lang='grc' dir='ltr'>περίοδοι</span> <span class='ocrx_word' id='word_1_128' title='bbox 1531 2309 1587 2373; x_wconf 82' lang='lat' dir='ltr'>At</span> 
     </span>
     <span class='ocr_line' id='line_1_19' title="bbox 411 2410 1589 2495; baseline -0.003 -19"><span class='ocrx_word' id='word_1_129' title='bbox 411 2413 556 2495; x_wconf 90' lang='lat' dir='ltr'>primum</span> <span class='ocrx_word' id='word_1_130' title='bbox 579 2410 713 2493; x_wconf 86' lang='lat' dir='ltr'>quidem</span> <span class='ocrx_word' id='word_1_131' title='bbox 736 2410 952 2492; x_wconf 89' lang='lat' dir='ltr'>epodioorum</span> <span class='ocrx_word' id='word_1_132' title='bbox 975 2411 1181 2475; x_wconf 86' lang='lat' dir='ltr'>enarrationi</span> <span class='ocrx_word' id='word_1_133' title='bbox 1210 2411 1408 2476; x_wconf 89' lang='lat' dir='ltr'>vocabulum</span> <span class='ocrx_word' id='word_1_134' title='bbox 1434 2410 1589 2493; x_wconf 78' lang='grc' dir='ltr'>περίοδος</span> 
     </span>
     <span class='ocr_line' id='line_1_20' title="bbox 411 2512 1591 2599; baseline 0 -19"><span class='ocrx_word' id='word_1_135' title='bbox 411 2514 624 2580; x_wconf 84' lang='lat' dir='ltr'>festinantius</span> <span class='ocrx_word' id='word_1_136' title='bbox 654 2514 803 2578; x_wconf 89' lang='lat' dir='ltr'>inseruit.</span> <span class='ocrx_word' id='word_1_137' title='bbox 855 2514 975 2578; x_wconf 90' lang='lat' dir='ltr'>Nonne</span> <span class='ocrx_word' id='word_1_138' title='bbox 998 2514 1117 2579; x_wconf 89' lang='lat' dir='ltr'>eodem</span> <span class='ocrx_word' id='word_1_139' title='bbox 1141 2514 1211 2580; x_wconf 87' lang='lat' dir='ltr'>iure</span> <span class='ocrx_word' id='word_1_140' title='bbox 1233 2536 1264 2598; x_wconf 94' lang='lat' dir='ltr'>p.</span> <span class='ocrx_word' id='word_1_141' title='bbox 1287 2515 1331 2578; x_wconf 90' lang='lat' dir='ltr'>Vl</span> <span class='ocrx_word' id='word_1_142' title='bbox 1353 2515 1372 2578; x_wconf 87' lang='lat'><strong>3</strong></span> <span class='ocrx_word' id='word_1_143' title='bbox 1396 2515 1438 2580; x_wconf 90' lang='lat' dir='ltr'>ad</span> <span class='ocrx_word' id='word_1_144' title='bbox 1461 2512 1493 2577; x_wconf 80' lang='grc' dir='ltr'>αἱ</span> <span class='ocrx_word' id='word_1_145' title='bbox 1520 2516 1591 2599; x_wconf 79' lang='grc' dir='ltr'>μὲν</span> 
     </span>
     <span class='ocr_line' id='line_1_21' title="bbox 412 2617 1591 2703; baseline 0 -20"><span class='ocrx_word' id='word_1_146' title='bbox 412 2617 610 2703; x_wconf 66' lang='grc' dir='ltr'>ἑκατέρωθεν</span> <span class='ocrx_word' id='word_1_147' title='bbox 644 2618 791 2700; x_wconf 91' lang='lat' dir='ltr'>suppleri</span> <span class='ocrx_word' id='word_1_148' title='bbox 824 2622 937 2700; x_wconf 91' lang='lat' dir='ltr'>potest</span> <span class='ocrx_word' id='word_1_149' title='bbox 975 2640 1041 2683; x_wconf 86' lang='lat' dir='ltr'>vox</span> <span class='ocrx_word' id='word_1_150' title='bbox 1074 2618 1226 2702; x_wconf 74' lang='grc' dir='ltr'>στροφαίὶὶ</span> <span class='ocrx_word' id='word_1_151' title='bbox 1265 2619 1372 2683; x_wconf 92' lang='lat' dir='ltr'>Immo</span> <span class='ocrx_word' id='word_1_152' title='bbox 1407 2639 1591 2683; x_wconf 82' lang='lat' dir='ltr'>commen-</span> 
     </span>
     <span class='ocr_line' id='line_1_22' title="bbox 413 2718 1590 2806; baseline 0 -18"><span class='ocrx_word' id='word_1_153' title='bbox 413 2724 510 2788; x_wconf 87' lang='lat' dir='ltr'>datur</span> <span class='ocrx_word' id='word_1_154' title='bbox 543 2723 608 2786; x_wconf 90' lang='lat' dir='ltr'>hoc</span> <span class='ocrx_word' id='word_1_155' title='bbox 642 2721 839 2786; x_wconf 89' lang='lat' dir='ltr'>vocabulum</span> <span class='ocrx_word' id='word_1_156' title='bbox 874 2742 930 2800; x_wconf 83' lang='lat' dir='ltr'>eo,</span> <span class='ocrx_word' id='word_1_157' title='bbox 971 2723 1060 2805; x_wconf 90' lang='lat' dir='ltr'>quod</span> <span class='ocrx_word' id='word_1_158' title='bbox 1099 2724 1200 2787; x_wconf 87' lang='lat' dir='ltr'>etiam</span> <span class='ocrx_word' id='word_1_159' title='bbox 1232 2723 1275 2786; x_wconf 91' lang='lat' dir='ltr'>ad</span> <span class='ocrx_word' id='word_1_160' title='bbox 1303 2719 1325 2806; x_wconf 79' lang='grc' dir='ltr'>ἡ</span> <span class='ocrx_word' id='word_1_161' title='bbox 1355 2718 1473 2805; x_wconf 81' lang='grc' dir='ltr'>ἐπῳδός</span> <span class='ocrx_word' id='word_1_162' title='bbox 1505 2742 1590 2788; x_wconf 91' lang='lat' dir='ltr'>non</span> 
     </span>
     <span class='ocr_line' id='line_1_23' title="bbox 412 2822 1593 2910; baseline 0.001 -19"><span class='ocrx_word' id='word_1_163' title='bbox 412 2825 633 2908; x_wconf 85' lang='lat' dir='ltr'>supplendum</span> <span class='ocrx_word' id='word_1_164' title='bbox 668 2828 720 2889; x_wconf 91' lang='lat' dir='ltr'>est</span> <span class='ocrx_word' id='word_1_165' title='bbox 753 2844 816 2889; x_wconf 86' lang='lat' dir='ltr'>vox</span> <span class='ocrx_word' id='word_1_166' title='bbox 844 2824 997 2908; x_wconf 81' lang='grc' dir='ltr'>περίοδος,</span> <span class='ocrx_word' id='word_1_167' title='bbox 1027 2825 1086 2891; x_wconf 88' lang='lat' dir='ltr'>sed</span> <span class='ocrx_word' id='word_1_168' title='bbox 1115 2822 1248 2910; x_wconf 75' lang='grc' dir='ltr'>στροφής</span> <span class='ocrx_word' id='word_1_169' title='bbox 1277 2826 1317 2890; x_wconf 86' lang='lat' dir='ltr'>cf.</span> <span class='ocrx_word' id='word_1_170' title='bbox 1353 2826 1506 2890; x_wconf 87' lang='lat' dir='ltr'>Crusium</span> <span class='ocrx_word' id='word_1_171' title='bbox 1548 2828 1593 2892; x_wconf 92' lang='lat' dir='ltr'>in</span> 
     </span>
     <span class='ocr_line' id='line_1_24' title="bbox 412 2928 1594 3012; baseline 0.002 -19"><span class='ocrx_word' id='word_1_172' title='bbox 412 2933 589 2995; x_wconf 90' lang='lat' dir='ltr'>comment.</span> <span class='ocrx_word' id='word_1_173' title='bbox 605 2928 722 3010; x_wconf 91' lang='lat' dir='ltr'>philol.</span> <span class='ocrx_word' id='word_1_174' title='bbox 737 2928 922 2993; x_wconf 87' lang='lat' dir='ltr'>Ribbeckio</span> <span class='ocrx_word' id='word_1_175' title='bbox 939 2928 1061 2993; x_wconf 88' lang='lat' dir='ltr'>oblatis</span> <span class='ocrx_word' id='word_1_176' title='bbox 1078 2930 1179 3012; x_wconf 92' lang='lat' dir='ltr'>(Lips.</span> <span class='ocrx_word' id='word_1_177' title='bbox 1204 2930 1300 3011; x_wconf 88' lang='lat'><em>1888)</em></span> <span class='ocrx_word' id='word_1_178' title='bbox 1322 2949 1355 3011; x_wconf 91' lang='lat' dir='ltr'>p.</span> <span class='ocrx_word' id='word_1_179' title='bbox 1377 2930 1429 2993; x_wconf 68' lang='lat'>20.</span> <span class='ocrx_word' id='word_1_180' title='bbox 1473 2928 1594 2995; x_wconf 82' lang='lat' dir='ltr'>Favet</span> 
     </span>
     <span class='ocr_line' id='line_1_25' title="bbox 412 3030 1592 3115; baseline 0.002 -18"><span class='ocrx_word' id='word_1_181' title='bbox 412 3033 513 3097; x_wconf 87' lang='lat' dir='ltr'>etiam</span> <span class='ocrx_word' id='word_1_182' title='bbox 535 3050 628 3097; x_wconf 88' lang='lat' dir='ltr'>meae</span> <span class='ocrx_word' id='word_1_183' title='bbox 652 3030 757 3113; x_wconf 84' lang='lat' dir='ltr'>magis</span> <span class='ocrx_word' id='word_1_184' title='bbox 775 3032 988 3097; x_wconf 88' lang='lat' dir='ltr'>coniecturae</span> <span class='ocrx_word' id='word_1_185' title='bbox 1004 3034 1358 3115; x_wconf 79' lang='lat' dir='ltr'>monostrophiconrm</span> <span class='ocrx_word' id='word_1_186' title='bbox 1373 3033 1592 3115; x_wconf 83' lang='lat' dir='ltr'>explanatio.</span> 
     </span>
     <span class='ocr_line' id='line_1_26' title="bbox 410 3133 1593 3220; baseline 0 -19"><span class='ocrx_word' id='word_1_187' title='bbox 410 3137 493 3201; x_wconf 86' lang='lat' dir='ltr'>Nam</span> <span class='ocrx_word' id='word_1_188' title='bbox 527 3135 804 3216; x_wconf 86' lang='lat' dir='ltr'>monostrophica</span> <span class='ocrx_word' id='word_1_189' title='bbox 838 3155 913 3200; x_wconf 86' lang='lat' dir='ltr'>cum</span> <span class='ocrx_word' id='word_1_190' title='bbox 940 3136 1161 3219; x_wconf 88' lang='lat' dir='ltr'>appellentur,</span> <span class='ocrx_word' id='word_1_191' title='bbox 1190 3157 1259 3200; x_wconf 91' lang='lat' dir='ltr'>non</span> <span class='ocrx_word' id='word_1_192' title='bbox 1288 3156 1373 3220; x_wconf 89' lang='lat' dir='ltr'>quae</span> <span class='ocrx_word' id='word_1_193' title='bbox 1400 3133 1460 3199; x_wconf 78' lang='grc' dir='ltr'>ὑπὸ</span> <span class='ocrx_word' id='word_1_194' title='bbox 1486 3156 1593 3218; x_wconf 85' lang='grc' dir='ltr'>στρο-</span> 
     </span>
     <span class='ocr_line' id='line_1_27' title="bbox 410 3235 1594 3324; baseline 0.003 -21"><span class='ocrx_word' id='word_1_195' title='bbox 410 3239 510 3323; x_wconf 50' lang='grc' dir='ltr'>φῆςβ)</span> <span class='ocrx_word' id='word_1_196' title='bbox 546 3239 605 3303; x_wconf 87' lang='lat' dir='ltr'>sed</span> <span class='ocrx_word' id='word_1_197' title='bbox 639 3258 722 3321; x_wconf 87' lang='lat' dir='ltr'>quae</span> <span class='ocrx_word' id='word_1_198' title='bbox 756 3235 814 3302; x_wconf 80' lang='grc' dir='ltr'>ὑπὸ</span> <span class='ocrx_word' id='word_1_199' title='bbox 845 3238 932 3324; x_wconf 82' lang='grc' dir='ltr'>μιᾶς</span> <span class='ocrx_word' id='word_1_200' title='bbox 961 3246 1097 3323; x_wconf 75' lang='grc' dir='ltr'>στροφῆς</span> <span class='ocrx_word' id='word_1_201' title='bbox 1135 3239 1415 3323; x_wconf 79' lang='grc' dir='ltr'>παταμετροῦντοιι,</span> <span class='ocrx_word' id='word_1_202' title='bbox 1451 3239 1594 3306; x_wconf 87' lang='lat' dir='ltr'>diserte</span> 
     </span>
     <span class='ocr_line' id='line_1_28' title="bbox 410 3339 1595 3424; baseline 0.001 -19"><span class='ocrx_word' id='word_1_203' title='bbox 410 3345 625 3424; x_wconf 89' lang='lat' dir='ltr'>opponuntur</span> <span class='ocrx_word' id='word_1_204' title='bbox 652 3340 857 3404; x_wconf 87' lang='lat' dir='ltr'>carminibus</span> <span class='ocrx_word' id='word_1_205' title='bbox 887 3339 1052 3423; x_wconf 87' lang='lat' dir='ltr'>epodicis,</span> <span class='ocrx_word' id='word_1_206' title='bbox 1089 3361 1173 3424; x_wconf 87' lang='lat' dir='ltr'>quae</span> <span class='ocrx_word' id='word_1_207' title='bbox 1202 3342 1450 3424; x_wconf 87' lang='lat' dir='ltr'>quodammodo</span> <span class='ocrx_word' id='word_1_208' title='bbox 1479 3363 1595 3406; x_wconf 77' lang='grc' dir='ltr'>κοιτα-</span> 
     </span>
     <span class='ocr_line' id='line_1_29' title="bbox 411 3440 1592 3530; baseline 0.003 -23"><span class='ocrx_word' id='word_1_209' title='bbox 411 3449 589 3529; x_wconf 85' lang='grc' dir='ltr'>μετροῡντοιι</span> <span class='ocrx_word' id='word_1_210' title='bbox 617 3440 677 3507; x_wconf 81' lang='grc' dir='ltr'>ὑπὸ</span> <span class='ocrx_word' id='word_1_211' title='bbox 704 3440 854 3509; x_wconf 85' lang='grc' dir='ltr'>πλειόνων</span> <span class='ocrx_word' id='word_1_212' title='bbox 880 3447 1022 3528; x_wconf 83' lang='grc' dir='ltr'>στροφῶν</span> <span class='ocrx_word' id='word_1_213' title='bbox 1051 3444 1093 3521; x_wconf 84' lang='grc' dir='ltr'>εἰς</span> <span class='ocrx_word' id='word_1_214' title='bbox 1122 3444 1154 3509; x_wconf 84' lang='grc' dir='ltr'>ἓν</span> <span class='ocrx_word' id='word_1_215' title='bbox 1178 3444 1268 3530; x_wconf 84' lang='grc' dir='ltr'>σῶμα</span> <span class='ocrx_word' id='word_1_216' title='bbox 1290 3443 1592 3529; x_wconf 71' lang='grc' dir='ltr'>παροληφθεισῶνς</span> 
     </span>
     <span class='ocr_line' id='line_1_30' title="bbox 410 3543 1595 3633; baseline 0.003 -21"><span class='ocrx_word' id='word_1_217' title='bbox 410 3547 449 3612; x_wconf 89' lang='lat' dir='ltr'>cf.</span> <span class='ocrx_word' id='word_1_218' title='bbox 473 3548 516 3611; x_wconf 88' lang='grc' dir='ltr'>ΙΙΙ</span> <span class='ocrx_word' id='word_1_219' title='bbox 538 3548 558 3611; x_wconf 89' lang='lat'>5</span> <span class='ocrx_word' id='word_1_220' title='bbox 580 3544 640 3609; x_wconf 81' lang='grc' dir='ltr'>ὑπὸ</span> <span class='ocrx_word' id='word_1_221' title='bbox 662 3552 727 3609; x_wconf 84' lang='grc' dir='ltr'>τοῦ</span> <span class='ocrx_word' id='word_1_222' title='bbox 750 3544 865 3610; x_wconf 79' lang='grc' dir='ltr'>αὐτοῦ</span> <span class='ocrx_word' id='word_1_223' title='bbox 889 3546 1001 3630; x_wconf 75' lang='grc' dir='ltr'>μέτρου</span> <span class='ocrx_word' id='word_1_224' title='bbox 1025 3553 1058 3612; x_wconf 84' lang='lat' dir='ltr'>et</span> <span class='ocrx_word' id='word_1_225' title='bbox 1079 3548 1120 3612; x_wconf 93' lang='lat' dir='ltr'>lll</span> <span class='ocrx_word' id='word_1_226' title='bbox 1145 3549 1183 3612; x_wconf 77' lang='lat' dir='ltr'>m</span> <span class='ocrx_word' id='word_1_227' title='bbox 1204 3545 1264 3611; x_wconf 82' lang='grc' dir='ltr'>ὑπὸ</span> <span class='ocrx_word' id='word_1_228' title='bbox 1287 3543 1435 3614; x_wconf 82' lang='grc' dir='ltr'>πλειόνων</span> <span class='ocrx_word' id='word_1_229' title='bbox 1457 3548 1595 3633; x_wconf 69' lang='grc' dir='ltr'>μέτρων</span> 
     </span>
     <span class='ocr_line' id='line_1_31' title="bbox 411 3649 1594 3735; baseline 0.004 -21"><span class='ocrx_word' id='word_1_230' title='bbox 411 3651 452 3726; x_wconf 83' lang='grc' dir='ltr'>εἰς</span> <span class='ocrx_word' id='word_1_231' title='bbox 471 3650 502 3714; x_wconf 85' lang='grc' dir='ltr'>ἓν</span> <span class='ocrx_word' id='word_1_232' title='bbox 518 3651 608 3734; x_wconf 82' lang='grc' dir='ltr'>σῶμα</span> <span class='ocrx_word' id='word_1_233' title='bbox 623 3649 904 3734; x_wconf 66' lang='grc' dir='ltr'>παραληφθέντων.</span> <span class='ocrx_word' id='word_1_234' title='bbox 949 3651 988 3715; x_wconf 93' lang='lat' dir='ltr'>In</span> <span class='ocrx_word' id='word_1_235' title='bbox 1004 3651 1110 3716; x_wconf 90' lang='lat' dir='ltr'>altero</span> <span class='ocrx_word' id='word_1_236' title='bbox 1127 3652 1369 3716; x_wconf 87' lang='lat' dir='ltr'>commentario</span> <span class='ocrx_word' id='word_1_237' title='bbox 1385 3673 1416 3735; x_wconf 94' lang='lat' dir='ltr'>p.</span> <span class='ocrx_word' id='word_1_238' title='bbox 1432 3652 1547 3717; x_wconf 81' lang='lat' dir='ltr'>XXIX</span> <span class='ocrx_word' id='word_1_239' title='bbox 1567 3658 1594 3719; x_wconf 85' lang='lat'>5</span> 
     </span>
     <span class='ocr_line' id='line_1_32' title="bbox 409 3752 1477 3840; baseline 0.002 -22"><span class='ocrx_word' id='word_1_240' title='bbox 409 3754 558 3819; x_wconf 87' lang='lat' dir='ltr'>carmina</span> <span class='ocrx_word' id='word_1_241' title='bbox 581 3754 720 3835; x_wconf 88' lang='lat' dir='ltr'>epodica</span> <span class='ocrx_word' id='word_1_242' title='bbox 741 3755 839 3836; x_wconf 87' lang='lat' dir='ltr'>plane</span> <span class='ocrx_word' id='word_1_243' title='bbox 863 3754 1018 3819; x_wconf 87' lang='lat' dir='ltr'>dicuntur</span> <span class='ocrx_word' id='word_1_244' title='bbox 1040 3753 1166 3840; x_wconf 83' lang='grc' dir='ltr'>ᾄσματα</span> <span class='ocrx_word' id='word_1_245' title='bbox 1188 3754 1271 3818; x_wconf 83' lang='grc' dir='ltr'>ιιοιτοὶ</span> <span class='ocrx_word' id='word_1_246' title='bbox 1293 3752 1477 3840; x_wconf 64' lang='grc' dir='ltr'>περικοπὴν.</span> 
     </span>
    </p>

    <p class='ocr_par' dir='ltr' id='par_1_5' title="bbox 405 3858 1596 4359">
     <span class='ocr_line' id='line_1_33' title="bbox 420 3858 1594 3942; baseline 0.003 -20"><span class='ocrx_word' id='word_1_247' title='bbox 420 3901 424 3907; x_wconf 92' lang='grc'><strong>-</strong></span> <span class='ocrx_word' id='word_1_248' title='bbox 492 3859 610 3922; x_wconf 87' lang='lat' dir='ltr'>Restat</span> <span class='ocrx_word' id='word_1_249' title='bbox 639 3858 737 3939; x_wconf 83' lang='lat' dir='ltr'>igitur</span> <span class='ocrx_word' id='word_1_250' title='bbox 765 3878 851 3923; x_wconf 90' lang='lat' dir='ltr'>unus</span> <span class='ocrx_word' id='word_1_251' title='bbox 882 3860 975 3923; x_wconf 87' lang='lat' dir='ltr'>locus</span> <span class='ocrx_word' id='word_1_252' title='bbox 998 3879 1107 3942; x_wconf 90' lang='lat' dir='ltr'>neque</span> <span class='ocrx_word' id='word_1_253' title='bbox 1136 3859 1164 3923; x_wconf 92' lang='lat' dir='ltr'>is</span> <span class='ocrx_word' id='word_1_254' title='bbox 1188 3860 1368 3925; x_wconf 89' lang='lat' dir='ltr'>admodum</span> <span class='ocrx_word' id='word_1_255' title='bbox 1392 3861 1594 3925; x_wconf 79' lang='lat' dir='ltr'>offensioni</span> 
     </span>
     <span class='ocr_line' id='line_1_34' title="bbox 408 3961 1595 4050; baseline 0.003 -24"><span class='ocrx_word' id='word_1_256' title='bbox 408 3966 468 4027; x_wconf 88' lang='lat' dir='ltr'>est.</span> <span class='ocrx_word' id='word_1_257' title='bbox 514 3961 645 4025; x_wconf 82' lang='lat' dir='ltr'>Etenim</span> <span class='ocrx_word' id='word_1_258' title='bbox 669 3980 739 4025; x_wconf 93' lang='lat' dir='ltr'>non</span> <span class='ocrx_word' id='word_1_259' title='bbox 762 3962 924 4027; x_wconf 90' lang='lat' dir='ltr'>habemus</span> <span class='ocrx_word' id='word_1_260' title='bbox 940 3983 1008 4027; x_wconf 87' lang='lat' dir='ltr'>una</span> <span class='ocrx_word' id='word_1_261' title='bbox 1023 3963 1106 4027; x_wconf 88' lang='lat' dir='ltr'>artis</span> <span class='ocrx_word' id='word_1_262' title='bbox 1122 3963 1309 4028; x_wconf 90' lang='lat' dir='ltr'>locutiones</span> <span class='ocrx_word' id='word_1_263' title='bbox 1325 3963 1408 4027; x_wconf 82' lang='grc' dir='ltr'>τιατοὶ</span> <span class='ocrx_word' id='word_1_264' title='bbox 1429 3962 1595 4050; x_wconf 79' lang='grc' dir='ltr'>σύστημα</span> 
     </span>
     <span class='ocr_line' id='line_1_35' title="bbox 408 4063 1596 4153; baseline 0.003 -23"><span class='ocrx_word' id='word_1_265' title='bbox 408 4071 440 4130; x_wconf 92' lang='lat' dir='ltr'>et</span> <span class='ocrx_word' id='word_1_266' title='bbox 462 4063 544 4128; x_wconf 78' lang='grc' dir='ltr'>κατὰ</span> <span class='ocrx_word' id='word_1_267' title='bbox 566 4064 718 4148; x_wconf 82' lang='grc' dir='ltr'>περίοδον,</span> <span class='ocrx_word' id='word_1_268' title='bbox 749 4064 808 4130; x_wconf 86' lang='lat' dir='ltr'>sed</span> <span class='ocrx_word' id='word_1_269' title='bbox 838 4066 920 4130; x_wconf 92' lang='lat' dir='ltr'>illud</span> <span class='ocrx_word' id='word_1_270' title='bbox 950 4066 1059 4131; x_wconf 89' lang='lat' dir='ltr'>solum</span> <span class='ocrx_word' id='word_1_271' title='bbox 1081 4067 1203 4149; x_wconf 88' lang='lat' dir='ltr'>premit</span> <span class='ocrx_word' id='word_1_272' title='bbox 1224 4067 1350 4144; x_wconf 88' lang='lat' dir='ltr'>Hense,</span> <span class='ocrx_word' id='word_1_273' title='bbox 1379 4068 1468 4151; x_wconf 91' lang='lat' dir='ltr'>quod</span> <span class='ocrx_word' id='word_1_274' title='bbox 1491 4088 1596 4153; x_wconf 86' lang='grc' dir='ltr'>περι-</span> 
     </span>
     <span class='ocr_line' id='line_1_36' title="bbox 407 4169 1596 4257; baseline 0.004 -25"><span class='ocrx_word' id='word_1_275' title='bbox 407 4174 512 4233; x_wconf 82' lang='grc' dir='ltr'>κοπῶν</span> <span class='ocrx_word' id='word_1_276' title='bbox 535 4172 647 4251; x_wconf 86' lang='lat' dir='ltr'>partes</span> <span class='ocrx_word' id='word_1_277' title='bbox 670 4173 832 4235; x_wconf 87' lang='lat' dir='ltr'>vocantur</span> <span class='ocrx_word' id='word_1_278' title='bbox 854 4169 1002 4254; x_wconf 78' lang='grc' dir='ltr'>περίοδοι,</span> <span class='ocrx_word' id='word_1_279' title='bbox 1026 4189 1101 4235; x_wconf 92' lang='lat' dir='ltr'>cum</span> <span class='ocrx_word' id='word_1_280' title='bbox 1124 4172 1274 4235; x_wconf 87' lang='lat' dir='ltr'>carmina</span> <span class='ocrx_word' id='word_1_281' title='bbox 1296 4170 1378 4235; x_wconf 81' lang='grc' dir='ltr'>κατὰ</span> <span class='ocrx_word' id='word_1_282' title='bbox 1399 4172 1596 4257; x_wconf 70' lang='grc' dir='ltr'>περικοπὴν</span> 
     </span>
     <span class='ocr_line' id='line_1_37' title="bbox 405 4270 1595 4359; baseline 0.005 -24"><span class='ocrx_word' id='word_1_283' title='bbox 405 4270 612 4357; x_wconf 80' lang='grc' dir='ltr'>ἀνομοιομερῆ</span> <span class='ocrx_word' id='word_1_284' title='bbox 648 4274 793 4355; x_wconf 90' lang='lat' dir='ltr'>speciem</span> <span class='ocrx_word' id='word_1_285' title='bbox 828 4273 973 4338; x_wconf 84' lang='lat' dir='ltr'>efficiant</span> <span class='ocrx_word' id='word_1_286' title='bbox 1007 4275 1194 4339; x_wconf 88' lang='lat' dir='ltr'>carminum</span> <span class='ocrx_word' id='word_1_287' title='bbox 1220 4274 1303 4339; x_wconf 80' lang='grc' dir='ltr'>κατὰ</span> <span class='ocrx_word' id='word_1_288' title='bbox 1330 4274 1453 4359; x_wconf 77' lang='grc' dir='ltr'>σχέσιν,</span> <span class='ocrx_word' id='word_1_289' title='bbox 1490 4296 1595 4359; x_wconf 87' lang='lat' dir='ltr'>quae</span> 
     </span>
    </p>
   </div>
   <div class='ocr_carea' id='block_1_4' title="bbox 405 4432 606 4439">
    <p class='ocr_par' dir='ltr' id='par_1_6' title="bbox 405 4432 606 4439">
     <span class='ocr_line' id='line_1_38' title="bbox 405 4432 606 4439; baseline -0.01 0"><span class='ocrx_word' id='word_1_290' title='bbox 405 4432 606 4439; x_wconf 81' lang='lat'>-..—..-..--—-</span> 
     </span>
    </p>
   </div>
   <div class='ocr_carea' id='block_1_5' title="bbox 403 4514 1591 4673">
    <p class='ocr_par' dir='ltr' id='par_1_7' title="bbox 403 4514 1591 4673">
     <span class='ocr_line' id='line_1_39' title="bbox 495 4514 1591 4585; baseline 0.007 -19"><span class='ocrx_word' id='word_1_291' title='bbox 495 4516 512 4581; x_wconf 86' lang='lat'>¹)</span> <span class='ocrx_word' id='word_1_292' title='bbox 532 4515 566 4567; x_wconf 90' lang='lat' dir='ltr'>cl.</span> <span class='ocrx_word' id='word_1_293' title='bbox 585 4532 611 4582; x_wconf 93' lang='lat' dir='ltr'>p.</span> <span class='ocrx_word' id='word_1_294' title='bbox 630 4514 665 4567; x_wconf 95' lang='lat' dir='ltr'>lll</span> <span class='ocrx_word' id='word_1_295' title='bbox 684 4516 708 4569; x_wconf 83' lang='grc'>7.</span> <span class='ocrx_word' id='word_1_296' title='bbox 734 4516 772 4568; x_wconf 75' lang='lat' dir='ltr'>ll.</span> <span class='ocrx_word' id='word_1_297' title='bbox 798 4517 842 4579; x_wconf 80' lang='lat'>16;</span> <span class='ocrx_word' id='word_1_298' title='bbox 862 4517 898 4570; x_wconf 91' lang='lat' dir='ltr'>IV</span> <span class='ocrx_word' id='word_1_299' title='bbox 915 4521 939 4571; x_wconf 85' lang='lat'>6.</span> <span class='ocrx_word' id='word_1_300' title='bbox 976 4518 1106 4572; x_wconf 83' lang='lat' dir='ltr'>Fortasse</span> <span class='ocrx_word' id='word_1_301' title='bbox 1130 4519 1165 4573; x_wconf 86' lang='lat' dir='ltr'>ad</span> <span class='ocrx_word' id='word_1_302' title='bbox 1189 4519 1357 4573; x_wconf 86' lang='lat' dir='ltr'>vocabulum</span> <span class='ocrx_word' id='word_1_303' title='bbox 1379 4518 1441 4585; x_wconf 81' lang='grc' dir='ltr'>μιᾶς</span> <span class='ocrx_word' id='word_1_304' title='bbox 1470 4520 1591 4574; x_wconf 83' lang='lat' dir='ltr'>adden·</span> 
     </span>
     <span class='ocr_line' id='line_1_40' title="bbox 403 4602 1143 4673; baseline 0.004 -17"><span class='ocrx_word' id='word_1_305' title='bbox 403 4606 468 4657; x_wconf 91' lang='lat' dir='ltr'>dum</span> <span class='ocrx_word' id='word_1_306' title='bbox 487 4602 569 4655; x_wconf 88' lang='lat' dir='ltr'>etiam</span> <span class='ocrx_word' id='word_1_307' title='bbox 588 4617 688 4655; x_wconf 88' lang='lat' dir='ltr'>nomen</span> <span class='ocrx_word' id='word_1_308' title='bbox 709 4604 905 4669; x_wconf 83' lang='grc' dir='ltr'>μονοστρσφικοί</span> <span class='ocrx_word' id='word_1_309' title='bbox 923 4606 1030 4673; x_wconf 91' lang='lat' dir='ltr'>aliquid</span> <span class='ocrx_word' id='word_1_310' title='bbox 1048 4606 1143 4660; x_wconf 80' lang='lat' dir='ltr'>valuit.</span> 
     </span>
    </p>
   </div>
   <div class='ocr_carea' id='block_1_6' title="bbox 0 0 1734 5200">
    <p class='ocr_par' dir='ltr' id='par_1_8' title="bbox 0 0 1734 5200">
     <span class='ocr_line' id='line_1_41' title="bbox 0 0 1734 5200; baseline 0 1"><span class='ocrx_word' id='word_1_311' title='bbox 0 0 1734 5200; x_wconf 95' lang='lat' dir='ltr'> </span> 
     </span>
    </p>
   </div>
  </div>
 </body>
</html>
