3459 5200
897 364 942 429 54

304 555 389 622 buno
416 558 578 624 vocalium
606 557 751 625 ordinem
779 559 907 624 statuit:
935 561 1158 622 ΑΗΩΥΙΟδ
1204 557 1390 626 Lacbarem
1412 578 1434 624 a
1457 559 1543 625 Dio·

305 663 445 749 nysiana
473 663 619 730 doctriua
649 665 829 751 profectum
857 684 918 730 sua
946 671 1124 750 praecepta
1152 666 1376 750 composuisse
1398 685 1437 732 eo
1460 685 1542 750 pro·

304 770 413 854 batur,
447 770 533 854 quod
557 771 577 837 l.
600 770 620 835 l.
645 792 676 856 p.
702 773 745 838 23
777 770 926 854 neglecto
950 770 1117 856 alphabeti
1139 770 1253 837 ordine
1275 791 1380 855 aeque
1402 772 1543 858 scripsit

305 896 344 942 ac
367 876 560 962 Dionysius:
583 880 695 943 καὶτὸ
719 882 741 937 Υ
763 881 817 943 καὶ
839 882 875 944 τὸ
898 887 921 941 L

393 1177 480 1260 Ergo
508 1184 593 1245 teste
620 1177 766 1245 Lachere
795 1178 928 1245 saeculo
959 1200 992 1264 p.
1017 1178 1074 1246 Ob.
1103 1180 1213 1264 quinto
1243 1198 1394 1248 mensura
1422 1199 1540 1246 eorum

306 1303 456 1350 sonorum
479 1287 561 1343 AIT
584 1285 639 1368 qui
663 1291 756 1352 erant
778 1285 811 1350 in
835 1305 897 1353 usn
919 1284 1051 1352 dicendi
1074 1287 1213 1352 omnium
1237 1287 1406 1371 communi,
1436 1285 1539 1352 valde

305 1389 473 1456 immutata
497 1392 595 1475 est¹);
620 1411 703 1475 quae
727 1391 919 1479 depravatio
944 1392 1071 1460 indies
1095 1401 1192 1460 aucta
1215 1399 1266 1460 est
1287 1393 1309 1458 i.
1325 1413 1353 1461 e.
1372 1393 1539 1459 vocalium

305 1503 387 1557 All
410 1518 594 1582 mensurae,
628 1518 712 1582 qnae
740 1506 832 1565 eraut
857 1499 892 1565 in
920 1519 982 1566 usu
1013 1498 1159 1583 vulgaris
1192 1500 1363 1583 sermonis,
1396 1499 1431 1564 in
1461 1498 1539 1567 dies

305 1605 435 1687 longius
458 1604 633 1672 abhorrere
655 1615 830 1692 coeperunt
858 1607 902 1672 ab
929 1607 978 1672 eia
1005 1607 1165 1673 mensuris
1193 1625 1279 1690 quae
1301 1613 1394 1673 erant
1415 1608 1449 1672 in
1472 1627 1538 1674 usu

304 1719 472 1797 poetarum
486 1720 639 1780 veterum.
672 1712 876 1797 Quamquam
895 1715 1098 1796 grammatici
1114 1713 1180 1798 ipsi
1192 1713 1360 1797 vulgarem
1373 1714 1537 1780 vocalium

269 1805 271 1809 ¹
306 1823 384 1881 ΑΙΥ
413 1819 550 1886 abusum
577 1820 675 1886 certis
703 1820 821 1886 finibus
849 1819 1034 1887 describere
1064 1819 1271 1902 atndnerunt3
1303 1821 1391 1886 verbi
1425 1820 1537 1904 gratia

305 1923 521 2011 Melampodis
545 1946 603 1993 scu
627 1925 796 1993 Diomedis
820 1930 1009 2012 (postsaec.
1025 1925 1080 2004 VI)
1103 1927 1335 1992 commentario
1358 1927 1440 1993 iussi
1460 1934 1537 1993 sunt

304 2031 543 2098 versificatores
568 2052 625 2099 eas
648 2031 744 2098 modo
767 2033 900 2100 vocales
914 2037 998 2093 All
1019 2032 1064 2098 ad
1081 2052 1175 2099 suum
1190 2032 1358 2098 arbitrium
1372 2033 1537 2118 corripere

306 2144 364 2204 aut
395 2137 589 2225 producere,
622 2159 704 2223 quas
737 2139 835 2204 etiam
867 2148 994 2206 veteres
1026 2146 1144 2224 poetae
1175 2138 1219 2204 ad
1247 2159 1340 2206 sunm
1367 2139 1537 2205 arbitrium

306 2244 590 2329 ponderaviesent3
625 2245 664 2310 of.
693 2245 834 2312 Bekkcr.
863 2245 923 2310 An.
953 2245 1068 2312 Graec.
1097 2247 1159 2310 vol.
1184 2245 1320 2330 11822,
1349 2248 1449 2329 asqq.
1483 2242 1535 2330 ἆρ’

305 2348 356 2418 οὖν
380 2351 473 2424 ἔξεστί
496 2356 625 2440 φοιτὰς
648 2354 829 2440 διφθόχχους
854 2355 908 2418 καὶ
934 2355 977 2416 τὰ
1004 2353 1156 2439 δίχρονα
1178 2355 1236 2419 διὰ
1259 2357 1390 2426 παντὸς
1416 2351 1537 2418 ἐκτεί-

205 2522 209 2530 ,
304 2481 387 2535 νειν;
418 2460 540 2524 λεκτέον
567 2457 611 2524 δτι
642 2459 674 2538 (i.
703 2479 730 2524 e.
763 2457 858 2531 ἔξεστι
885 2459 1035 2539 ἐκτείνειν)
1072 2457 1103 2524 ἐν
1131 2469 1195 2533 τοῖς
1222 2469 1374 2547 μετρικοῖς
1408 2462 1465 2532 τὰς
1491 2460 1537 2523 δτ-

305 2569 459 2654 φδόγγους
488 2564 523 2631 ἐκ
550 2570 660 2640 παντὸς
686 2571 806 2652 τρόπου,
834 2568 875 2632 τὰ
902 2567 934 2631 δὲ
960 2567 1084 2654 δίχρονα
1107 2563 1170 2633 ουκ
1196 2564 1291 2653 εἰκῇ,
1319 2564 1415 2632 ἀλλὰ
1440 2569 1537 2631 κατὰ

306 2677 366 2759 τὴν
389 2676 585 2759 παράδοσιν
607 2678 669 2739 καὶ
691 2685 817 2760 χρῆσιν
839 2685 905 2740 τῶν
927 2676 1111 2740 παλαιῶν·
1137 2671 1202 2739 ἰδοὺ
1225 2678 1282 2758 γὰρ
1304 2677 1338 2739 τὸ

458 2779 554 2866 'Aper
569 2778 667 2864 Ἀρες
690 2779 764 2860 <Ε
788 2783 830 2847 31
851 2809 887 2837 =
904 2782 1022 2859 455>

304 2890 357 2953 καί
381 2890 494 2975 ρακρδν
517 2892 569 2953 καί
592 2890 691 2975 βραχὺ
714 2891 748 2953 τὸ
772 2898 810 2949 Α·
834 2886 947 2959 ἔξεστιν
971 2884 1021 2953 οὖν
1045 2884 1158 2974 ὁμοίως
1179 2892 1233 2952 καί
1255 2884 1325 2974 ἡμῖν
1342 2890 1534 2974 χρήσασθαι·

303 2997 358 3059 καί
379 2998 415 3059 τδ
438 3004 451 3057 I
473 2994 516 3067 ὡς
538 2997 654 3080 μακρὸν
676 2998 729 3060 καί
752 2996 863 3081 βραχὺ·
888 2998 1002 3081 μακρὸν
1025 2999 1077 3081 pta
1100 2994 1144 3067 ὡς
1166 2998 1201 3060 τὸ

466 3102 535 3190 φίλε
558 3101 715 3176 κασίγνητε
740 3098 812 3175 <Δ
839 3101 903 3168 155
923 3130 956 3155 =
975 3099 1001 3165 E
1026 3102 1092 3168 359
1111 3129 1147 3155 =
1165 3098 1198 3165 Φ
1222 3102 1346 3183 308>,

305 3209 404 3295 βραχὺ
427 3209 458 3272 δὲ
481 3207 523 3281 ὡς
545 3216 581 3273 τὸ

467 3312 549 3381 ἀλλὰ
572 3317 658 3399 φίλον
681 3338 737 3399 περ
759 3315 847 3379 ἐόντα
870 3311 948 3391 <Κ
972 3316 1094 3397 114>,

306 3418 350 3485 ad
385 3440 469 3505 quae
496 3421 596 3486 verba
627 3420 716 3487 idem
748 3428 860 3485 auctor
887 3440 948 3486 nos
975 3419 1143 3503 ablegavit
1171 3416 1212 3483 de
1235 3417 1440 3503 Dionysiana
1466 3422 1535 3502 περὶ

305 3529 451 3615 βραχείας
478 3529 629 3612 συλλαβῆς
659 3527 807 3592 doctrina
836 3526 1009 3611 disputans
1039 3525 1058 3590 l.
1084 3525 1105 3594 l.
1134 3526 1266 3603 11825,
1293 3525 1333 3591 15
1363 3520 1536 3611 ἠβραχεῐα

304 3635 443 3721 συλλαβὴ
480 3631 535 3699 οὐκ
572 3636 636 3721 ἔχει
667 3635 874 3719 πολυτρόπους
903 3636 959 3707 τὰς
990 3634 1170 3719 μεταβολάς,
1205 3634 1346 3716 καθάπερ
1378 3626 1399 3717 ἡ
1431 3634 1535 3718 μακρὰ

304 3743 454 3828 συλλαβή,
479 3740 560 3807 ἀλλὰ
583 3742 634 3807 δυο
658 3746 767 3829 μόνας·
792 3738 812 3827 ἢ
835 3744 893 3825 γὰρ
917 3742 1001 3825 poce
1024 3742 1140 3826 βραχέα
1163 3737 1235 3805 ὄντα
1251 3741 1291 3803 τὰ
1309 3743 1464 3825 φωνήεντα
1481 3741 1537 3811 τὰς

304 3850 459 3931 συλλαβὰς
491 3850 630 3935 βραχδνει
662 3846 682 3935 ἢ
714 3850 925 3935 βραχυνόμενα
953 3850 991 3911 τὰ
1018 3846 1146 3932 δίχρονα
1183 3842 1221 3910 ub
1257 3845 1389 3931 χυδην,
1426 3844 1535 3919 ἀλλά,

305 3958 447 4039 καθάπερ
470 3955 563 4039 ἐντῷ
586 3958 654 4039 περὶ
677 3965 796 4040 μακρᾶς
819 3955 975 4038 συλλαβῆς
996 3949 1168 4040 εἰρήκαρεν,
1197 3962 1239 4038 τῇ
1267 3957 1403 4038 χρήσει
1423 3971 1537 4035 προσ-

307 4067 453 4148 έχοντες
475 4070 543 4127 τῶν
567 4071 737 4146 ποιητῶν.

401 4450 425 4518 ¹)
444 4450 586 4520 Exempla,
606 4466 676 4519 quae
695 4449 837 4519 pertinent
856 4448 892 4502 ad
909 4447 1048 4503 vocalium
1063 4444 1089 4498 Α
1101 4444 1145 4497 11·
1161 4464 1326 4511 mensuram,
1345 4462 1380 4501 ex
1396 4445 1538 4515 lapidibus

309 4539 424 4611 collegit
452 4540 510 4593 Ric.
533 4540 665 4609 Wagner,
695 4538 872 4607 quaestiones
900 4537 934 4591 de
961 4536 1169 4609 epigrammatis
1197 4535 1309 4590 Graecis
1336 4552 1370 4589 ex
1396 4534 1537 4604 lapidibus

308 4628 431 4684 collectis
449 4629 651 4699 grammaticae
669 4627 753 4698 (Lips.
774 4626 854 4693 1883)
873 4645 899 4697 p.
918 4628 1024 4694 llisqq.
