3459 5200
875 377 1085 474 ΔΑ.-

455 571 492 637 Τ.
516 571 624 655 Agric.
649 575 702 639 46.
719 574 754 638 9:
780 580 814 637 nt
835 571 943 635 omnia
959 570 1047 635 facta
1061 569 1213 655 dictaque
1228 573 1297 639 eius
1312 597 1413 639 senem
1429 578 1593 640 rmolcnnl.

458 680 489 744 S.
513 679 571 763 Ep.
597 682 650 746 80.
666 681 701 745 3:
727 678 812 744 Illud
836 678 976 744 maxime
999 681 1117 745 revolvo
1140 703 1268 749 memor.

457 804 496 871 T.
521 803 628 886 Agric.
652 805 780 868 43181
804 785 922 869 multos
946 810 1090 870 veterum
1113 805 1202 869 velut
1222 806 1379 889 inglorios
1395 813 1428 873 ct
1441 808 1598 890 ignobilis

368 912 475 975 oblr'olo
499 911 614 977 obruit.

458 1017 490 1085 S.
516 1016 557 1082 de
580 1017 685 1085 benef.
710 1017 757 1080 III
782 1019 835 1084 32.
852 1019 888 1084 h:
914 1037 995 1101 qnos
1018 1017 1085 1081 iam
1108 1021 1361 1105 consumpsisset
1384 1023 1501 1101 oblivio,
1534 1021 1598 1086 nisi

370 1123 442 1190 illos
465 1123 603 1189 filiorum
627 1123 731 1207 gloria
755 1143 773 1188 c
797 1123 939 1189 tenebris
968 1125 1115 1191 eruisset.
1152 1126 1211 1210 Iip.
1242 1129 1294 1194 21.
1309 1132 1345 1190 4:
1381 1147 1492 1193 omnes
1520 1127 1598 1192 illos

377 1282 428 1298 ...
445 1233 552 1296 oblivio
576 1230 645 1296 alta
669 1231 858 1314 subpressit.

875 1349 1099 1411 Germania.

460 1464 497 1530 T.
515 1463 621 1532 Germ.
641 1465 691 1530 13.
705 1465 759 1528 14:
784 1463 818 1528 in
832 1483 914 1547 pace
928 1465 1029 1543 derne,
1045 1463 1078 1526 in
1092 1462 1177 1528 bello
1188 1466 1379 1548 praesidinm
1404 1465 1494 1548 (Agr.
1511 1469 1541 1531 6.
1554 1469 1599 1546 3).

461 1569 494 1636 S.
520 1568 563 1635 ad
590 1569 688 1635 Marc.
717 1569 758 1635 de
787 1569 907 1636 consol.
936 1570 1083 1634 XVIII:
1122 1569 1283 1647 invenem,
1316 1571 1382 1634 iam
1408 1572 1504 1636 matri
1535 1572 1602 1636 iam

371 1677 456 1764 patri
476 1679 667 1761 praesidium
691 1697 729 1742 ac
753 1680 853 1758 deone,
879 1677 1035 1742 amittere.
1070 1676 1111 1740 de
1139 1677 1242 1744 henes.
1268 1677 1316 1741 III
1340 1681 1392 1744 33.
1409 1682 1445 1744 3:
1480 1679 1600 1744 eximia

306 1783 309 1788 ’
372 1785 479 1871 pietas
503 1791 535 1849 ct
557 1785 658 1850 virtus
683 1785 745 1870 ipsi
769 1785 839 1851 urbi
863 1784 973 1851 nescio
999 1791 1102 1849 utrum
1122 1785 1228 1850 mains
1239 1788 1432 1869 prceeirltom
1446 1785 1600 1854 adferens

373 1913 415 1957 nn
436 1895 536 1957 dcem.
552 1893 629 1960 Hor.
646 1913 742 1958 carm.
763 1892 778 1956 I
797 1896 875 1959 121
901 1891 976 1956 Oet
986 1894 1177 1976 praesidium
1198 1899 1230 1958 et
1253 1890 1348 1958 dulce
1370 1896 1460 1958 deors
1482 1915 1598 1960 meum.

462 2035 499 2102 T.
528 2035 634 2103 Germ.
666 2037 793 2118 17.153
827 2037 858 2102 S.
884 2034 926 2100 de
959 2036 1045 2102 brev.
1078 2035 1133 2103 vit.
1158 2036 1173 2098 Ι
1201 2038 1233 2101 1:
1273 2041 1404 2121 conceptis
1436 2040 1600 2103 admodum

369 2164 490 2228 pecces.

466 2269 504 2337 T.
528 2267 635 2336 Germ.
664 2271 714 2336 19.
734 2271 787 2334 16:
819 2268 957 2352 plusque
978 2267 1024 2333 ibi
1047 2270 1118 2332 boni
1139 2291 1241 2334 mores
1269 2268 1381 2335 valent
1403 2289 1498 2352 quam
1523 2269 1601 2335 alibi

376 2377 480 2442 bonne
504 2378 590 2458 lepcs.

467 2483 500 2552 S.
523 2481 582 2568 Ep.
607 2485 659 2550 94.
676 2485 734 2548 37:
760 2486 838 2565 lepos
861 2502 989 2566 quoqne
1006 2481 1177 2567 proliciunt
1191 2482 1235 2547 1111
1250 2485 1344 2548 bonos
1357 2505 1467 2564 mores,
1493 2484 1604 2567 ntique

378 2591 406 2657 si
438 2611 503 2656 non
535 2598 657 2656 tantum
690 2591 861 2676 imperant,
896 2588 953 2656 sed
988 2588 1114 2655 docent.
1219 2591 1328 2673 itaque
1351 2591 1446 2658 melis
1469 2593 1606 2657 moribus

379 2698 426 2764 uti
449 2698 575 2764 videbis
599 2698 749 2763 civitates
773 2718 850 2763 usas
874 2697 969 2763 malis
994 2699 1114 2792 leptim.

467 2824 503 2887 T.
530 2824 636 2888 Germ.
663 2826 789 2889 22121
815 2842 896 2906 gens
919 2843 983 2887 non
1007 2829 1116 2887 astuta
1139 2842 1199 2888 nec
1223 2822 1344 2887 callida
1372 2828 1471 2907 oporr't
1499 2823 1605 2888 adhuc

379 2938 505 2997 secreta
522 2934 656 3015 pectoris
679 2930 809 2996 licentis
832 2930 910 3012 ioci3
940 2950 1017 3013 ergo
1041 2932 1155 2994 ‹letrrto
1183 2936 1215 2994 et
1239 2929 1325 2994 nuda
1349 2931 1486 2995 omnium
1511 2955 1604 2996 orem.

470 3040 501 3105 S.
525 3037 568 3104 ad
591 3038 689 3106 Marc.
720 3038 760 3103 de
789 3039 909 3104 consol.
935 3038 1046 3103 XXVI
1069 3040 1105 3103 4:
1140 3035 1225 3112 Quin
1253 3036 1359 3102 dicam
1472 3037 1551 3103 nihil
1575 3038 1606 3102 in

385 3148 530 3229 obscuro,
554 3148 684 3211 detectos
705 3155 820 3211 orentes
844 3153 876 3211 et
898 3154 1005 3229 aperto
1022 3146 1208 3228 praecocem
1231 3151 1264 3209 et
1286 3145 1318 3209 in
1343 3144 1470 3228 publico
1489 3144 1607 3210 medio-

381 3273 443 3337 qne
466 3253 567 3318 vitam
596 3252 672 3322 ...?

471 3377 509 3447 T.
533 3377 639 3443 Germ.
663 3380 715 3444 27.
732 3380 766 3442 4:
797 3376 977 3461 sepulcrum
1001 3398 1122 3459 compes
1145 3378 1242 3455 rripit.

473 3485 506 3551 S.
530 3484 589 3571 Ep.
615 3488 645 3553 8.
661 3486 696 3551 5:
729 3483 812 3549 hanc
844 3481 1071 3568 (sodomum)
1104 3491 1208 3547 utrum
1237 3506 1359 3567 compes
1387 3487 1532 3564 ereverit,
1567 3504 1607 3547 nn

384 3592 493 3657 verius
517 3591 603 3677 lapis
623 3642 691 3676 ...,
714 3590 793 3656 nihil
818 3591 961 3655 interest.

473 3735 511 3798 Τ.
537 3734 642 3799 Germ.
666 3736 718 3799 27.
735 3736 770 3800 9:
802 3736 888 3799 Ilaec
910 3736 943 3797 io
965 3756 1123 3799 comomne
1151 3736 1188 3796 oo
1215 3732 1354 3797 omnium
1379 3733 1608 3798 Germanorum

386 3840 510 3925 origine
534 3860 573 3905 cc
596 3840 736 3906 moribus
761 3840 956 3927 accepimns.

477 3947 508 4012 S.
533 3952 598 4025 nat.
623 3955 747 4030 quaest.
771 3947 831 4012 VII
855 3951 950 4015 1621
975 3950 1059 4013 IIocc
1081 3951 1115 4011 in
1137 3970 1294 4013 cornmooe
1316 3950 1353 4012 ‹lc
1376 3953 1445 4012 tota
1469 3945 1607 4011 natione.

477 4090 514 4157 T.
540 4089 645 4156 Germ.
671 4093 721 4158 28.
738 4094 769 4157 l:
793 4096 902 4156 manet
925 4089 1032 4155 adhuc
1054 4089 1221 4155 Boihaemi
1246 4110 1360 4154 nomen
1384 4088 1610 4173 significatque

388 4197 450 4263 loci
474 4205 614 4262 veterem
631 4198 822 4265 ,memoriam
845 4198 993 4281 quemvis
1017 4201 1141 4261 melotis
1164 4199 1339 4261 ‹mltomlms

477 4303 507 4371 S.
533 4301 574 4367 nd
599 4304 691 4370 Helv.
717 4304 758 4370 de
782 4304 902 4369 consol.
926 4304 986 4366 VII
1011 4307 1045 4369 8:
1077 4303 1170 4369 Haec
1195 4303 1268 4387 ipsa
1292 4302 1399 4370 insule
1422 4322 1522 4389 saepe
1547 4304 1609 4369 inm
1685 4294 1688 4297 ⁴

388 4414 517 4478 somn
539 4413 674 4476 mutavit.

479 4536 516 4599 T.
542 4534 646 4601 Germ.
671 4536 796 4601 30.10:
822 4534 972 4619 qnodque
995 4538 1190 4600 rom'mionon
1214 4555 1273 4600 nec
1291 4533 1353 4599 nisi
1369 4536 1534 4599 Romanae
1549 4536 1610 4602 dis-

393 4642 530 4728 ciplinae
554 4664 737 4723 concessum,
762 4641 835 4726 plus
858 4663 1015 4727 reponere
1038 4643 1069 4706 in
1095 4639 1176 4706 ducc
1199 4662 1294 4724 qnam
1318 4642 1351 4706 in
1375 4642 1526 4707 exercitu.
