3459 5200
163 1531 255 1634 Cap.
282 1529 318 1611 Ι.
371 1527 429 1610 Dc
454 1527 796 1632 Hephaestionem
823 1526 895 1632 qui
923 1525 1273 1610 circumferuntur

398 1690 475 1787 περὶ
500 1691 691 1788 ποίηματος
716 1684 1032 1768 commentariis.

685 1879 704 1962 9
728 1881 755 1943 1.

206 2034 251 2100 Do
273 2033 369 2100 libris
391 2033 615 2116 manuscriptis
638 2033 753 2115 qulbus
775 2033 988 2099 commentarii
1009 2031 1125 2098 traditi
1147 2036 1231 2100 sunt.

226 2188 462 2254 Emendationi
487 2189 664 2254 enchiridii
685 2188 948 2272 Hephaestionei
972 2189 1242 2272 scholiorumque
1271 2191 1300 2255 ei

140 2294 349 2376 appictorum
364 2293 618 2358 fundamentum
642 2293 827 2357 substruxit
841 2293 969 2375 primus
986 2293 1135 2358 Thomas
1152 2292 1300 2358 Gaislor-

140 2396 214 2461 dius
231 2396 407 2461 enchiridii
423 2396 627 2461 editionibus
643 2397 686 2460 ab
702 2396 777 2479 ipso
801 2397 935 2475 curatis
960 2415 1099 2478 quarum
1115 2397 1300 2462 novissima

141 2499 265 2564 Oxonii
306 2520 334 2564 a.
374 2500 457 2564 1855
494 2499 660 2583 prodiit¹l
716 2499 818 2564 Cuius
853 2499 1004 2564 subsidia
1037 2500 1152 2565 critica
1186 2519 1301 2582 quam·

140 2623 242 2686 quarn
274 2622 344 2667 non
376 2603 469 2668 auxit
502 2602 731 2685 Wcstphalius
767 2603 802 2667 in
838 2602 996 2682 editione,
1026 2622 1126 2685 quam
1154 2624 1183 2668 a.
1220 2604 1301 2667 1866

139 2706 265 2787 publici
288 2706 369 2769 iuris
392 2704 512 2788 fecit‚¹)
535 2705 698 2770 nonnulla
720 2709 836 2771 tamen
860 2706 902 2769 de
927 2707 1137 2787 cognationis
1159 2704 1301 2771 vinculis

141 2809 230 2875 inter
258 2810 390 2878 codices
424 2809 712 2874 intercedentibus
742 2808 909 2873 subtiliter
938 2809 1126 2875 observavit
1154 2809 1302 2892 locisque

140 2913 232 2977 haud
254 2911 369 2996 paucis
401 2911 599 2977 coniciendo
623 2916 748 2977 rectam
771 2912 882 2976 attulit
904 2912 1078 2977 medelam.
1123 2913 1206 2977 Post
1228 2931 1304 2976 eum

142 3016 358 3099 sagacissime
393 3014 434 3078 de
473 3015 648 3097 permultis
683 3016 766 3080 locis
801 3014 960 3079 disseruit
986 3014 1086 3079 Iulius
1116 3014 1241 3079 Caesar
1269 3015 1304 3080 in

141 3119 275 3184 duobus
299 3118 593 3197 „emendationum
609 3117 978 3201 Hephaestionearum“
1000 3117 1122 3181 libellis
1138 3118 1305 3199 Marburgi

139 3242 169 3286 a.
195 3222 280 3286 1869
302 3220 411 3284 editis.
457 3222 525 3287 Sed
547 3222 601 3286 his
617 3222 757 3285 demum
780 3222 879 3285 annis
901 3220 1082 3285 Guilelmus
1103 3222 1304 3286 Hoerschel-

142 3344 249 3390 mann
277 3324 403 3388 Galliae
431 3324 706 3407 Brittanniaeque
731 3323 903 3389 codicibus
926 3324 1137 3407 perlustratis
1161 3324 1195 3388 in
1222 3324 1304 3389 Mus.

140 3428 255 3492 Rhen.
283 3426 415 3490 XXXVI
447 3447 479 3509 p.
502 3426 689 3491 aso-301
719 3427 870 3509 pluribus
900 3446 963 3491 nos
993 3427 1115 3507 docuit,
1144 3432 1304 3511 quantum

38 3586 41 3590 ,
142 3531 246 3611 absit,
260 3533 297 3593 ut
312 3529 492 3593 Gaisfordii
507 3530 655 3594 editione
676 3530 820 3611 genuina
837 3530 1013 3596 enchiridii
1029 3536 1085 3595 aut
1101 3530 1306 3595 scholiorum

142 3634 257 3699 forma
277 3636 557 3714 repraesentetur.
601 3633 695 3697 ldem
723 3653 752 3698 a.
780 3634 861 3698 1886)
886 3634 1014 3698 scholia
1035 3633 1306 3717 Hephaestionea

142 3738 254 3802 altera
269 3756 352 3819 quae
369 3736 524 3800 dicuntur
539 3736 651 3817 (nobis
668 3736 798 3801 scholia
810 3735 841 3822 β)
857 3736 1002 3818 primum
1018 3737 1148 3819 integra
1163 3737 1307 3820 enidius)

142 3892 350 3905 --..—--·

238 3976 258 4047 ¹)
276 3977 316 4031 De
340 3976 507 4031 editionibus
530 3975 691 4031 Florentino
713 3976 747 4045 (a
768 3976 845 4046 1526)
869 3981 896 4029 et
918 3975 1094 4030 Turnebiana
1117 3975 1212 4045 (Paris.
1233 3978 1308 4047 1553)

143 4066 221 4120 inira
246 4066 344 4120 dicam.
384 4066 504 4118 loannes
527 4064 670 4118 Cornelius
694 4066 729 4117 de
753 4064 845 4127 Pauus,
870 4064 916 4132 qui
940 4080 1014 4117 anuo
1039 4064 1106 4117 1716
1129 4064 1246 4117 Traiecti
1274 4066 1309 4117 ad

146 4156 279 4207 Rhenum
298 4152 478 4206 enchiridium
497 4154 588 4205 denuo
606 4152 700 4214 edidit,
718 4152 746 4205 in
765 4156 893 4206 contextu
908 4152 1062 4217 verborum,
1080 4156 1110 4204 ut
1124 4152 1210 4219 ipsius
1219 4152 1310 4205 verbis

143 4249 220 4303 utar,
244 4240 394 4293 editionem
412 4239 618 4292 Turnebianam
641 4239 713 4291 κατὰ
731 4238 801 4291 πόδα
824 4246 934 4293 secutus
954 4244 1003 4302 est,
1027 4240 1076 4292 sed
1095 4239 1122 4292 in
1141 4239 1310 4292 animadver-

145 4328 275 4381 sionibus
299 4342 369 4395 quas
396 4326 503 4381 addidit
527 4327 579 4379 etsi
601 4325 689 4379 multa
711 4326 934 4393 perversissima,
958 4327 1094 4380 nonnulla
1116 4330 1209 4379 tamen
1237 4327 1310 4380 haud

145 4415 259 4470 inutilia
277 4413 471 4482 suppeditavit.

237 4502 259 4569 ⁹)
278 4501 432 4569 Scriptores
449 4502 556 4554 metrici
575 4501 666 4569 graeci
685 4502 727 4554 ed.
747 4502 778 4554 ll.
798 4502 943 4569 Wcstphal
961 4502 1015 4555 vol.
1035 4502 1054 4563 Ι,
1073 4501 1147 4567 Lips
1167 4500 1243 4553 1866.

239 4590 260 4656 ³)
279 4588 392 4641 Scholia
410 4590 559 4656 Heplracst.
579 4589 667 4642 altera
686 4590 728 4642 ed.
748 4589 1081 4651 Guil.H0e1·schel1nunn‚
1100 4588 1214 4655 Dorpati
1239 4588 1313 4641 1882.

1114 4694 1124 4744 1
