3459 5200
726 609 763 674 81

647 697 848 708 n————.-

167 814 341 896 pertinent
363 819 459 879 terna
481 813 595 898 μικτῶν
618 819 650 880 et
672 816 781 880 κοινῶν
802 836 934 898 genera.
985 816 1067 894 Quis
1089 819 1217 900 primus
1239 819 1330 902 ipso·

164 937 238 982 rum
268 923 443 1000 poetarum
470 938 533 983 usu
567 918 735 1003 (ἐμπειρία)
768 919 959 1001 postposito
994 920 1243 986 ratiocinationi
1268 943 1330 1005 po-

161 1021 329 1086 tissimum
353 1042 424 1086 rem
453 1022 625 1087 metricam
653 1022 753 1086 inniti
786 1023 937 1087 docuerit
966 1023 1134 1089 nescimus
1143 1024 1181 1107 ²),
1214 1046 1329 1091 verum

162 1124 313 1190 eiusdem
337 1126 469 1190 consilii
493 1127 592 1191 etiam
616 1127 651 1190 in
668 1126 862 1191 Aristoxeni
887 1131 957 1190 arte
981 1128 1109 1192 musica
1132 1149 1200 1193 non
1222 1149 1330 1211 pauca

162 1229 370 1311 deprehendi
391 1230 532 1312 vestigia
554 1229 636 1294 satis
663 1234 780 1294 notum
807 1235 869 1294 est.
924 1230 1020 1295 Velut
1048 1231 1108 1294 τῶν
1135 1229 1330 1316 μελῳδουμὲ-

161 1352 221 1397 νων
242 1330 317 1417 γένη
341 1333 458 1398 statuit
480 1353 549 1398 non
573 1335 682 1399 solum
704 1331 807 1419 μικτοί,
834 1353 949 1398 verum
979 1333 1080 1399 etiam
1107 1331 1210 1417 κοινοί,
1245 1355 1330 1420 quae

160 1436 217 1500 vix
239 1456 387 1518 unquam
409 1457 472 1502 usu
493 1437 628 1501 venisse
650 1437 819 1514 videntum
849 1437 890 1502 ci.
917 1437 1065 1502 Aristox.
1089 1438 1249 1504 Hermon.
1277 1439 1329 1502 ed.

161 1539 339 1622 Marquard
361 1539 484 1622 (Berol.
509 1541 604 1623 1868)
627 1561 659 1623 p.
682 1541 734 1620 dd,
758 1542 775 1604 7
801 1545 832 1605 et
855 1541 928 1606 334.
979 1541 1159 1606 Adhibitos
1190 1561 1265 1607 esse
1293 1543 1328 1606 in

162 1641 316 1707 doctrina
338 1644 409 1726 περὶ
429 1640 601 1729 ποιήματος
624 1645 834 1709 contexenda
861 1643 904 1708 ab
925 1644 1177 1727 Hephaestione
1204 1646 1257 1709 rel
1288 1665 1328 1710 eo

162 1765 228 1828 quo
250 1765 331 1810 usus
355 1751 406 1812 est
428 1751 564 1811 auctore
585 1751 703 1829 poetas
726 1747 847 1830 lyricos
871 1751 904 1811 et
926 1747 1074 1812 comicos
1098 1748 1132 1812 in
1147 1749 1326 1830 propatulo

162 1853 223 1927 est,
247 1849 306 1913 sed
328 1849 531 1931 tragicorum
554 1847 728 1932 vestigium
753 1853 892 1933 apparet
915 1851 1052 1929 nullum,
1077 1850 1141 1915 nisi
1165 1850 1239 1932 quis
1262 1850 1328 1914 huc

161 1951 285 2017 referat
306 1953 409 2018 verba
431 1953 476 2036 (p.
498 1953 600 2018 XXIV
623 1951 656 2036 8)
680 1953 730 2017 οἶοι
758 1949 892 2039 μάλιστα
920 1953 1005 2037 φιλεῖ
1028 1952 1177 2037 γενέσθαι
1205 1953 1237 2018 ἐν
1262 1961 1330 2028 ταῖς

159 2052 309 2139 παρόδοις
341 2061 400 2120 τῶν
434 2054 548 2141 χορῶν.
603 2055 726 2122 Notatu
759 2061 871 2122 autem
906 2057 1139 2139 dignissimum
1169 2060 1221 2121 est
1247 2055 1329 2120 illud

161 2158 349 2224 carminum
364 2179 479 2242 genus
503 2161 592 2244 quod
613 2160 748 2243 tragicis
772 2159 832 2225 fuit
853 2160 1121 2239 usitatissimum,
1146 2179 1220 2224 cum
1237 2179 1328 2224 corn·

158 2261 258 2343 plura
281 2263 496 2346 stropharum
520 2268 552 2329 et
580 2265 867 2346 antistrophamm
889 2264 983 2346 paria
1006 2263 1114 2345 epodo
1138 2281 1226 2327 nunc
1250 2263 1328 2327 suh·

159 2364 273 2430 iuncta
300 2386 388 2431 nunc
424 2369 552 2433 omissa
580 2368 823 2446 consonarent,
854 2387 896 2431 ne
929 2367 1031 2431 verbo
1067 2367 1201 2449 quidem
1235 2365 1324 2448 apud

159 2469 447 2551 Hephaestionem
469 2471 660 2553 perstringi.
709 2470 806 2552 Apud
834 2470 1097 2552 Aristophanem
1125 2469 1208 2533 haec
1237 2487 1328 2532 com·

156 2572 283 2655 positio
317 2572 490 2639 rarissima
523 2578 574 2639 est
607 2591 716 2656 neque
750 2573 784 2637 in
818 2571 992 2638 Heliodori
1027 2570 1221 2637 colometria
1256 2571 1327 2635 eius

157 2677 348 2758 exemplum
372 2674 675 2759 deprehenditur.²)
719 2677 832 2760 Itaque
854 2676 896 2740 de
919 2676 1101 2740 Heliodoro
1132 2674 1216 2739 nihil
1239 2674 1327 2740 affir-

156 2778 335 2861 maverim,
373 2780 580 2864 Hephaestio
621 2784 709 2845 certe
746 2780 811 2844 hoc
849 2779 1035 2844 carminum
1072 2797 1176 2861 genus
1214 2777 1328 2843 omisit

157 2882 277 2947 eadem
300 2882 431 2948 ratione
455 2884 573 2949 ductus
597 2904 662 2968 qua
691 2883 725 2946 in
753 2886 824 2946 toto
854 2881 1040 2947 enchiridio
1063 2880 1137 2945 sola
1159 2881 1229 2944 fere
1251 2880 1328 2963 lyri-

156 3005 274 3050 corum
297 2990 330 3050 et
353 2987 557 3051 comicorum
579 2990 686 3051 metra
710 2983 898 3067 respexit‚³)
921 3002 996 3048 curn
1022 2984 1149 3064 tragica
1176 2982 1324 3047 tironum

155 3088 362 3153 institutioni
383 3110 502 3173 parum
525 3094 603 3172 apta
626 3108 700 3153 esse
725 3091 886 3153 censeret.

248 3332 266 3401 ¹)
284 3331 369 3386 Nobis
393 3336 490 3385 contra
517 3331 604 3385 altera
627 3330 672 3385 via
695 3329 904 3398 ingrediendum
931 3344 993 3382 esse
1017 3344 1114 3381 ornnes
1142 3316 1324 3389 consentiunt,

155 3420 208 3474 sed
227 3420 344 3473 multum
363 3419 450 3480 abest,
469 3424 500 3473 ut
518 3420 571 3473 hoc
589 3418 617 3471 in
636 3418 761 3471 doctrina
780 3420 852 3469 certe
870 3418 930 3481 πιρῑ
947 3414 1095 3482 ποιήματος
1118 3416 1173 3469 iam
1196 3414 1263 3468 satis
1282 3430 1324 3468 ac·

154 3512 252 3561 curate
272 3508 374 3559 iactum
392 3505 434 3560 sit.
471 3504 611 3559 Nonnulla
630 3504 664 3557 de
689 3502 865 3571 stropharum
889 3502 961 3571 apud
984 3502 1103 3570 tragicos
1127 3501 1325 3570 compositione

155 3594 283 3663 perbene
302 3594 432 3647 disseruit
449 3594 598 3647 novissime
616 3592 647 3645 A.
666 3590 810 3644 Kirchhoff
831 3590 859 3643 in
884 3590 1070 3656 Sitzungsber.
1094 3590 1121 3642 d.
1143 3588 1215 3641 Berl.
1239 3588 1324 3641 Akad.

157 3682 234 3735 1889.
254 3698 279 3749 p.
299 3680 349 3735 9⁴5
368 3698 429 3749 sqq.

244 3766 267 3837 ¹)
286 3767 380 3821 Simile
399 3768 465 3836 quid
483 3767 571 3820 habes
592 3766 660 3820 Ach.
686 3764 839 3827 lali-to,
868 3764 915 3831 qui
934 3779 1030 3817 versus
1053 3762 1081 3815 in
1103 3762 1210 3816 scholio
1233 3762 1324 3815 Helio·

153 3856 243 3910 doreo
263 3854 389 3908 dicuntur
407 3854 504 3917 δυάδες
522 3862 591 3921 τρεῖς
610 3852 740 3915 erudiens
758 3854 869 3919 ἔχουσαι
887 3851 935 3913 τὰς
953 3850 1100 3917 περιόδους.

246 3940 266 4010 ⁸)
285 3940 463 4008 Tragicorum
483 3957 579 3993 versus
599 3943 848 3993 commemorantur
867 3955 893 4005 p.
906 3939 931 4000 5,
947 3938 987 3989 13.
1006 3936 1048 4001 80,
1065 3938 1089 3990 8.
1107 3936 1149 3999 38,
1168 3937 1209 3989 H.
1227 3936 1269 3999 4³,
1284 3937 1324 3990 11.

150 4030 195 4091 54,
217 4028 246 4090 9;
267 4028 300 4079 ci.
320 4026 401 4080 etiarn
420 4027 564 4095 Westphal
583 4026 679 4081 Metrilr
698 4023 727 4078 1¹
745 4042 771 4094 p.
792 4027 849 4079 185.
1091 4030 1093 4034 '
