3459 5200
687 577 727 640 93

602 667 674 674 -.-..-
708 667 801 673 ..-..-

141 781 289 868 βραγείαςς
313 784 354 848 ci.
376 785 479 850 Arist.
504 783 543 861 Q.
566 804 598 866 p.
618 784 670 862 36,
697 785 735 848 15
758 804 841 868 sqq,
865 785 988 850 Victor.
1016 808 1050 869 p.
1077 787 1128 864 63,
1147 787 1186 851 16
1201 807 1285 870 sqq,

140 887 183 965 91,
199 886 232 951 15
249 906 332 970 sqq.,
351 889 421 966 103,
440 889 478 954 la
494 907 566 970 sqq.
602 889 687 952 Tres
703 888 801 970 igitur
816 889 864 952 illi
880 890 972 953 modi
987 909 1027 954 ex
1042 891 1286 954 Alexandrino·

139 1009 201 1056 nrm
214 994 283 1054 arte
299 991 516 1070 grammatica
532 991 566 1054 in
577 995 753 1074 utramque
765 991 953 1056 doctrinam
965 993 1139 1057 metricam
1149 992 1287 1058 fluxisse

137 1093 285 1158 videmur.
340 1094 449 1176 Atque
482 1114 541 1176 per
575 1115 611 1158 se
645 1098 910 1160 consentancum
943 1100 995 1160 est
1026 1097 1285 1173 Alexandrinos,

137 1196 186 1279 qui
206 1201 332 1262 tantum
361 1197 487 1262 laboris
516 1197 552 1260 in
580 1202 755 1279 poetarum
785 1198 919 1280 scriptis
947 1199 1154 1281 explicandis
1181 1204 1286 1265 recte-

136 1319 192 1382 que
217 1300 249 1363 in
280 1300 354 1364 cola
380 1299 571 1382 digerendis
598 1305 799 1383 posuerunt,
829 1302 915 1366 sicut
941 1303 1178 1383 grammaticae
1205 1304 1287 1367 item

134 1403 280 1467 metricae
309 1403 407 1482 artis,
442 1423 526 1486 quae
563 1423 637 1468 curn
670 1404 728 1468 illa
760 1405 930 1470 artissime
971 1406 1143 1485 cohaeret,
1177 1411 1286 1472 certas

135 1505 286 1588 quasdam
308 1525 445 1570 normas
464 1507 661 1590 regulasque
683 1507 911 1588 proposuisse.
957 1508 998 1572 Et
1021 1529 1222 1592 quamquam
1244 1529 1288 1573 ne

133 1608 341 1688 grammatica
356 1609 490 1692 quidem
505 1609 809 1674 Alexandrinorum
825 1631 881 1675 ars
896 1611 939 1674 ab
956 1611 1049 1676 omni
1071 1617 1165 1694 parte
1188 1613 1287 1677 nobis

132 1705 207 1776 nota
234 1716 302 1790 est,
332 1713 495 1778 nonnulla
522 1718 635 1778 tamen
664 1714 735 1778 eius
759 1715 921 1779 vocabula
943 1716 1121 1781 sollemnia
1142 1721 1176 1780 et
1198 1721 1289 1780 certa

130 1815 346 1881 distribuendi
369 1836 493 1898 genera
516 1817 551 1880 in
572 1818 799 1898 posteriorum
822 1818 951 1882 artibus
968 1819 1118 1883 metricis
1137 1819 1287 1884 redeunt.

128 1919 197 1984 Huc
218 1919 344 1984 iaciunt
364 1924 434 1984 tres
457 1921 502 1984 illi
525 1921 617 1985 modi
640 1921 816 2004 dequibus
833 1921 913 2000 dixi,
936 1923 1001 1987 huc
1017 1923 1156 1986 nomina
1169 1919 1288 2006 πρωτό-

127 2044 206 2086 maa
232 2027 265 2088 ct
289 2021 468 2108 παραγωγαὶ
478 2025 512 2107 ²),
547 2043 630 2107 quas
661 2043 761 2088 voces
794 2025 830 2087 in
863 2026 938 2107 ipsa
966 2030 1038 2090 arte
1072 2025 1288 2108 grammatica

127 2132 221 2192 natas
243 2147 319 2192 esse
338 2127 417 2193 inde
440 2127 589 2207 efficitur,
612 2128 702 2212 quod
725 2128 760 2191 in
777 2129 840 2192 hac
857 2129 931 2192 sola
944 2128 1005 2192 τῶν
1018 2123 1121 2192 τύπων
1135 2128 1290 2193 doctrina

126 2231 301 2296 invenitur.
350 2231 531 2296 Doctrinae
565 2232 793 2296 Varronianae
825 2228 1014 2315 πρωτότυπα
1047 2236 1080 2296 et
1111 2226 1290 2315 παραγωγαὶ

127 2335 304 2400 notissima
337 2339 430 2414 sunt,
465 2336 524 2400 sed
557 2332 743 2418 πρωτότυπα
771 2335 891 2400 saltem
919 2335 962 2399 ad
989 2335 1129 2400 alteram
1157 2351 1289 2417 quoque

125 2437 314 2503 doctrinam
335 2439 516 2520 pertinent,
545 2440 635 2522 quod
657 2439 781 2503 nollem
805 2443 962 2519 negasset
984 2438 1173 2504 Schultzius
1195 2458 1227 2519 p.
1247 2437 1288 2501 a?

123 2543 202 2609 adn.
245 2541 439 2625 Perpendas
464 2542 553 2608 enim
574 2542 733 2608 Aristidis
755 2543 858 2608 uerba
881 2543 964 2607 hacc
992 2543 1037 2625 (p.
1066 2543 1118 2621 33,
1150 2542 1202 2625 16)
1229 2541 1289 2607 τῶν

121 2644 163 2731 δή
197 2645 315 2731 μέτρων
341 2644 529 2731 πρωτότυπα
563 2645 617 2732 μέν
651 2646 715 2711 ἐστι
747 2647 803 2709 καὶ
829 2643 917 2709 ἁπλᾶ
942 2643 995 2710 τὸν
1024 2643 1159 2731 ἀριθμὸν
1191 2644 1288 2710 ἐννέα.

119 2752 232 2833 Atque
255 2751 406 2834 quamvis
428 2751 634 2833 Hephaestio
663 2750 716 2815 his
744 2749 855 2814 verbis
890 2750 1099 2827 abstinuerit,
1134 2769 1204 2813 non
1238 2754 1288 2813 est

119 2873 182 2918 cur
215 2852 293 2917 huic
326 2873 458 2937 quoque
491 2853 664 2919 doctrinae
704 2872 744 2917 ea
777 2858 855 2935 apta
888 2872 964 2917 esse
998 2871 1174 2934 negemus,
1212 2870 1287 2915 cum

117 2951 309 3039 πρωτότυπα
332 2962 365 3022 et
387 2952 564 3042 παραγωγαὶ
585 2958 673 3021 inter
696 2976 732 3021 se
756 2960 971 3038 opponantur
990 2960 1027 3020 ut
1042 2952 1129 3019 aaa
1151 2959 1183 3019 et
1198 2957 1289 3019 varia

116 3065 182 3124 τῶν
210 3058 368 3125 συνθέτων
394 3080 518 3141 genera
549 3060 639 3125 velut
672 3059 711 3123 rol
743 3054 813 3123 κατ’
844 3056 1047 3124 ἀντιπάθειαν
1075 3054 1169 3144 prasci
1196 3063 1229 3123 et
1250 3055 1290 3121 rol

115 3160 369 3247 αἰσυναίρτητα’);
393 3164 433 3228 ci.
457 3164 558 3229 ctiam
587 3164 664 3228 Atil.
694 3164 830 3228 Fortun.
864 3183 896 3244 p.
920 3162 993 3240 383,
1020 3162 1126 3226 4-6.
1175 3162 1289 3244 ltaque

113 3270 301 3349 prototypa
317 3287 392 3332 cum
407 3268 443 3331 in
458 3272 599 3351 utraque
614 3268 769 3333 doctrina
784 3266 1059 3348 deprehenderet,
1074 3265 1289 3347 Aphthonius

113 3370 253 3435 duabus
284 3370 349 3435 illis
379 3370 565 3453 disciplinis
606 3370 755 3435 contusis
789 3370 917 3434 insulse
956 3369 1153 3451 dactylicum
1187 3369 1290 3432 hera·

110 3479 267 3539 metrum
311 3479 344 3539 et
386 3474 566 3539 iambicum
610 3474 780 3538 senarium
819 3476 1074 3555 prototyporum
1113 3474 1290 3553 prototypa

108 3577 255 3642 vocavit
277 3581 320 3660 (p.
354 3578 428 3654 104,
459 3578 524 3659 36).
568 3576 682 3658 Neque
711 3596 791 3641 casu
820 3576 944 3639 lactum
968 3594 1043 3638 esse
1073 3573 1221 3652 videtur,
1253 3581 1290 3637 ut

108 3681 265 3747 nomina
293 3677 473 3766 ἀμετάβολα
507 3683 540 3745 et
574 3673 766 3764 μεταβολικά
798 3676 1025 3759 grammaticis
1054 3675 1137 3739 satis
1166 3674 1290 3739 usitata

105 3785 211 3868 apud
234 3785 278 3849 M.
301 3783 384 3849 Vici.
406 3803 439 3866 p.
455 3784 545 3863 57,9
568 3802 641 3865 sqq.
665 3782 700 3845 in
722 3784 916 3863 poematum
938 3778 1116 3862 generibus
1140 3778 1289 3856 redeant,

103 3889 276 3973 quamvis
310 3888 408 3969 longe
441 3888 507 3951 alia
540 3886 633 3952 notio
661 3886 728 3951 illis
758 3885 909 3949 subiecta
936 3883 1037 3947 iurarit
1064 3882 1153 3965 apud
1180 3902 1290 3963 gram·

101 3993 275 4071 marinos,
298 3992 365 4057 alia
386 3991 475 4074 apud
498 3991 666 4055 metricos.
717 3988 804 4066 Quid
833 3986 968 4052 intersit
993 3987 1083 4051 inter
1108 3985 1228 4068 poesin
1257 3989 1291 4049 et

99 4116 247 4181 poema
276 4096 452 4179 explicarit
479 4096 583 4159 Varro
616 4092 671 4175 (ci.
700 4092 890 4157 Wilmanns
919 4092 939 4154 l.
963 4109 991 4155 c.
1019 4110 1051 4172 p.
1073 4090 1167 4172 301),
1201 4089 1291 4172 quod

99 4203 199 4286 quin
236 4200 361 4265 factum
395 4200 439 4264 sit
472 4198 665 4263 auctoribus
699 4194 925 4277 grammaticis
954 4192 1192 4258 Alexandrinis
1221 4210 1291 4255 non

206 4444 231 4513 ¹)
253 4444 287 4499 ci.
306 4444 385 4497 Dion.
404 4443 469 4496 Thr.
489 4442 530 4495 cd.
550 4440 632 4508 Ulrlig
653 4456 679 4507 p.
698 4440 740 4501 25,
759 4439 836 4501 3-5,
854 4438 896 4497 50.
917 4437 992 4497 1-6,
1015 4436 1057 4497 65,
1077 4434 1089 4486 1
1111 4450 1181 4501 sqq,
1204 4433 1290 4487 schol

91 4537 127 4588 in
153 4532 256 4586 Beklr.
276 4530 373 4585 anecd.
391 4529 485 4583 Graec.
504 4528 528 4581 11
547 4544 572 4595 p.
592 4526 651 4589 849,
670 4526 704 4578 15
721 4541 782 4594 sqq.
802 4524 862 4586 863,
881 4525 898 4576 3
916 4539 977 4592 sqq.
995 4522 1047 4575 908
1065 4536 1127 4588 sqq.

204 4618 230 4687 1)
253 4618 286 4671 ci.
306 4617 390 4670 ctiam
408 4616 479 4671 Plot
493 4614 602 4667 Sacerd.
621 4612 680 4675 513,
695 4612 727 4665 la
740 4628 801 4679 sqq.
821 4614 848 4663 et
860 4611 917 4664 Iub.
930 4610 1004 4678 apud
1013 4608 1081 4662 vict.
1094 4624 1120 4675 p.
1132 4608 1175 4669 53,
1187 4608 1219 4661 12
1229 4623 1290 4676 sqq,
