3459 5200
215 577 365 643 ructuare
392 578 547 660 quoddam
568 578 660 661 quasi
682 578 783 661 pour-
862 575 1017 641 seumouis
1039 575 1087 640 tui
1104 574 1218 658 putato
1240 625 1296 639 ...
1316 574 1432 659 poterit

217 690 283 756 tum
294 690 501 757 cousiderutia
512 690 785 775 contemplatioque
858 686 1037 771 provenire.
1082 690 1188 754 V78:
1232 687 1305 772 aaut
1329 686 1432 770 quiete

217 808 363 869 matricae.
863 800 1002 866 detector.
1057 800 1133 865 haec
1167 800 1248 865 mihi
1283 806 1314 865 ct
1348 800 1432 867 aeota

858 917 1002 997 promtat
1033 912 1248 980 sdubritatcm
1279 918 1309 977 ct
1330 912 1431 996 pabu-

863 1024 930 1091 tum
951 1024 1101 1091 lectionis.

175 1142 262 1207 Lael.
289 1144 320 1205 1:
348 1140 383 1219 Q.
408 1139 537 1204 Mumus
558 1160 665 1223 uuquo·
686 1138 786 1203 uudta
821 1140 861 1205 ΙΙΙ
884 1140 971 1218 233:
996 1142 1079 1203 tend
1101 1142 1130 1202 te
1151 1136 1287 1203 arroditio
1303 1136 1431 1203 Scaevo-

218 1272 355 1317 uurrurc
380 1252 418 1317 dc
448 1250 482 1317 0.
505 1250 615 1316 Laelio
638 1300 645 1315 .
670 1300 677 1315 .
702 1302 709 1317 .
737 1272 785 1316 so·
863 1249 984 1331 murm,
1021 1252 1099 1316 dum
1129 1250 1269 1332 forenses
1304 1249 1432 1316 ratas

218 1363 297 1430 tabat
321 1414 328 1428 .
351 1415 359 1429 .
384 1414 390 1431 .
414 1384 467 1449 eqo
481 1368 587 1429 autem
601 1368 726 1447 epatre
740 1362 787 1429 ita
859 1361 996 1447 peroiqit
1033 1362 1138 1427 doctor
1170 1360 1325 1427 tustitods.
1382 1364 1431 1428 Cf.

218 1498 305 1543 erum
320 1478 471 1542 deductus
487 1478 529 1542 ud
542 1476 727 1558 Scaeuolam,
750 1481 787 1541 ut
864 1497 897 1559 p.
921 1477 973 1540 m.

219 1590 322 1670 quoad
339 1610 460 1672 possem
482 1595 511 1654 et
536 1588 640 1654 diceret
661 1610 681 1655 a
702 1588 788 1653 sou-is

220 1700 315 1765 tatere
329 1720 499 1783 uicuqumu
513 1700 736 1781 decederem.
780 1750 786 1765 .

220 1834 280 1895 quo
307 1818 431 1879 mortuo
463 1834 511 1878 mc
543 1814 585 1879 ad
606 1812 789 1897 pontificem

221 1924 397 1991 Scaeuolam
419 1924 549 2005 mutuli,
572 1946 663 2008 quem
684 1946 788 1991 uurcm

220 2042 347 2103 orostrae
379 2036 516 2101 ciuitatis
543 2041 573 2102 et
598 2036 727 2121 tuqeuio
760 2041 789 2101 et

220 2147 347 2214 iustitia
362 2148 676 2233 proestautdssimum
690 2148 789 2214 dudm

220 2259 330 2325 dicore.
352 2298 390 2307 -
411 2262 458 2327 cf.
476 2262 581 2327 deor.
598 2263 611 2326 Ι
629 2264 699 2327 166.
718 2263 788 2326 180.

223 2374 295 2437 200.
318 2373 391 2437 aua.

179 2486 267 2549 Lael.
283 2486 338 2549 27:
361 2482 443 2565 quod
463 2483 502 2549 iu
523 2504 557 2547 eo
571 2482 663 2565 quast
682 2482 789 2547 tir-meu
824 2486 865 2549 IX
890 2487 924 2549 9:
951 2503 1028 2547 uum
1050 2482 1204 2563 quedam
1224 2480 1363 2546 sciutida
1383 2502 1433 2546 su·

221 2594 347 2679 aliquod
357 2596 525 2680 probitatis
535 2601 565 2661 et
575 2594 705 2661 uirtutis
716 2617 788 2680 per-
862 2595 1005 2680 qu'eutiae
1023 2599 1069 2660 est
1088 2593 1246 2659 uirtutum
1260 2592 1435 2660 tormiuibus

221 2709 338 2793 spicere
358 2709 511 2775 videmur.
868 2708 1031 2792 adpluaot.

179 2825 267 2888 Lael.
297 2825 352 2888 58:
386 2822 442 2887 troc
468 2821 594 2904 quidem
620 2826 665 2885 est
691 2820 790 2886 uiuus
825 2823 974 2900 11115a:
1003 2820 1075 2886 uod>
1095 2840 1198 2885 uuuos
1219 2819 1262 2884 ad
1282 2817 1435 2884 catcortum

222 2935 335 3019 eatque
367 2940 397 2999 ct
428 2934 553 3000 auditor
585 2935 626 3000 ad
659 2933 790 3000 calculos
867 2953 960 2998 uoces.

221 3067 330 3112 uocare
355 3045 538 3112 amicitiam.
574 3082 612 3093 -
647 3047 696 3112 Gt.
720 3047 788 3112 Liv.

222 3161 322 3238 ΜΠ
346 3159 391 3243 (p.
415 3161 480 3243 81).

181 3273 269 3336 Lael.
288 3273 364 3336 loa:
387 3269 538 3352 quodiam
559 3291 609 3334 res
631 3270 791 3336 torcoruuue
826 3271 869 3335 IX
885 3271 939 3334 34:
964 3273 999 3332 ut
1020 3268 1093 3332 suu
1114 3289 1177 3331 osso
1198 3267 1370 3332 multorum
1385 3287 1435 3331 ca-

222 3381 352 3467 sroqdcs
373 3383 567 3464 caducaeque
587 3386 674 3448 siout.
694 3385 790 3448 -de
869 3381 951 3446 duca
972 3386 1002 3444 et
1022 3379 1150 3464 fraudis
1170 3379 1311 3462 adfectio.

224 3497 278 3561 tm.
301 3497 406 3562 1186:
441 3495 513 3578 quis
545 3494 632 3561 mrim
663 3493 792 3575 coaddit

223 3629 343 3692 suaper
363 3607 422 3672 uu
450 3607 529 3672 dtud
554 3607 661 3673 subde
683 3612 713 3672 et
733 3606 791 3688 fir-

223 3741 311 3786 mum
327 3740 588 3804 permansurum,
621 3719 703 3802 quod
723 3718 791 3801 fru-

220 3831 283 3916 qdc
310 3837 339 3896 ct
366 3831 519 3896 caducum
540 3831 606 3896 sit?
649 3833 697 3898 Cf.
722 3833 790 3896 Val.

226 3947 312 4011 Max.
335 3947 390 4010 16
414 3950 479 4010 ext.
503 3947 532 4010 3.

184 4085 233 4149 Ex
262 4083 495 4167 deperditis
523 4084 646 4148 libris
680 4083 857 4167 desumpta
885 4105 959 4149 esse
981 4084 1095 4168 putari
1117 4084 1276 4148 Heracliti
1300 4089 1333 4148 et
1354 4085 1438 4149 Cae-

226 4197 292 4262 cilii
317 4197 504 4278 fragmenta
536 4195 581 4278 (p.
608 4197 656 4261 15.
680 4197 749 4275 auu
784 4198 839 4279 qui
862 4196 988 4261 fuerint
1011 4196 1077 4261 dici
1106 4215 1175 4260 non
1203 4195 1325 4278 potest,
1360 4216 1437 4260 cum

227 4310 283 4374 illa
316 4313 424 4374 aetate
458 4308 548 4374 haud
584 4309 681 4390 pauci
715 4309 886 4373 extiterint
924 4309 1025 4373 hodie
1059 4308 1177 4373 amissi
1216 4308 1271 4389 (ct.
1305 4308 1438 4372 Lubeck

226 4422 247 4486 l.
271 4422 291 4485 l.
315 4443 345 4504 p.
374 4423 431 4486 152
455 4422 552 4504 sqq).

272 4620 417 4698 Quaeret
441 4620 605 4702 quispiam
632 4639 715 4702 quos
739 4619 912 4684 Ciceronis
936 4619 1039 4684 libros
1056 4619 1293 4702 Symmachum
1315 4619 1438 4701 legisse

186 4736 313 4796 certum
348 4731 406 4808 sit;
441 4737 474 4796 et
508 4752 589 4796 sane
618 4732 832 4796 utilissimum
866 4735 918 4796 est
952 4731 985 4794 id
1019 4732 1176 4814 expedire
1211 4737 1244 4796 et
1277 4731 1319 4795 ad
1349 4731 1438 4796 illius
