3459 5200
897 357 942 419 24

462 548 561 613 dativ.
587 550 650 613 δυσῖ
674 548 796 635 septies
820 548 960 630 decies¹)

588 657 640 720 δὺο
664 656 742 737 test)

588 764 667 828 δυεῖν
691 762 832 844 semell)

392 868 480 945 δυεῖν,
505 888 568 934 non
588 870 669 935 δυοῖν
684 869 812 954 Polybii
825 869 988 954 propriam
1003 870 1139 934 formam
1154 889 1229 936 esse
1242 869 1390 937 Kaelker
1408 870 1534 955 (Leipz.

303 973 439 1040 Studien
463 973 521 1058 III,
550 976 616 1042 220
626 977 688 1059 sq.)
718 982 751 1041 et
776 976 1047 1042 Buttuer-Wobst
1078 976 1111 1040 in
1142 976 1349 1060 praefatione
1379 976 1532 1044 editionis

301 1088 377 1149 tom.
397 1082 413 1146 I
434 1102 466 1165 p.
480 1080 650 1147 LXXVIII
673 1081 892 1150 ostenderunt.
930 1084 978 1148 Ac
1001 1103 1076 1148 num
1099 1083 1265 1168 Polybius,
1290 1104 1386 1167 quem
1409 1084 1533 1150 hiatum

300 1188 425 1253 vitasse
449 1195 591 1273 constat,
616 1191 669 1254 δυο
693 1189 827 1254 formam
851 1198 927 1254 ante
950 1188 1098 1255 vocalem
1121 1190 1335 1275 usurpaverit,
1363 1191 1532 1274 quaerenti

302 1294 407 1360 elucet
429 1296 752 1361 nom-accusativum
775 1298 827 1362 ooo
851 1316 952 1381 saepe
975 1316 1048 1361 curn
1071 1296 1178 1361 vocali
1198 1298 1364 1380 sequentis
1379 1298 1532 1363 vocabuli

300 1401 537 1486 concurrere,⁴)
569 1403 754 1485 genetivum
782 1423 954 1487 nunquam,
985 1440 1028 1451 -
1057 1411 1134 1469 ante
1165 1404 1313 1469 vocalem
1343 1404 1429 1471 enim
1455 1406 1532 1469 δυεῖν

303 1505 407 1573 forma
430 1508 580 1591 legitur5)
605 1546 647 1557 -
672 1508 816 1575 dativum
840 1536 856 1575 ο
881 1509 961 1576 eliso
985 1511 1127 1591 semel.⁶)

389 1614 480 1703 cippo
502 1615 711 1695 vocabulum,
741 1617 827 1700 quod
856 1636 921 1681 non
943 1625 1010 1681 tam
1034 1618 1146 1682 crebro
1171 1637 1267 1701 quam
1292 1618 1463 1706 ἀμφάεερος
1484 1618 1535 1682 in·

278 1721 436 1805 venitur,
462 1741 589 1806 semper
612 1722 804 1790 declinatur.
850 1730 995 1812 συνάμφω
1024 1731 1132 1789 autem
1156 1744 1215 1809 pro
1238 1725 1390 1807 genetivo
1414 1725 1535 1807 legitur

299 1827 340 1911 II,
364 1830 416 1912 24,
442 1833 479 1894 ll
512 1824 656 1912 Ἰαπὺγων
678 1834 732 1895 καὶ
754 1828 937 1895 Μεσσαπίων
961 1837 1113 1919 συνάμφω.

461 1992 480 2069 ξ
508 1991 558 2056 12.
606 1989 660 2054 De
683 1989 889 2074 Panaetio,
913 1988 1142 2074 Posidonio,
1165 1990 1373 2059 Hecatone.

388 2114 426 2178 In
449 2113 652 2179 Posidonii
675 2113 866 2199 fragmentis
890 2136 956 2181 una
980 2115 1086 2182 dualis
1110 2116 1213 2181 forms
1236 2117 1336 2182 inest:
1368 2121 1401 2181 τὸ
1425 2120 1534 2203 σεμνὸν

299 2219 462 2304 ἀνάκτορον
484 2232 546 2285 τοῖν
569 2225 651 2286 θεοῖν
676 2224 719 2307 (p.
739 2224 799 2289 161
825 2221 876 2288 ed.
891 2223 997 2301 Bake)
1021 2223 1054 2287 in
1077 2222 1135 2288 illa
1158 2221 1200 2288 de
1223 2223 1404 2289 Athenione
1426 2222 1532 2307 philo·

300 2326 402 2411 sopho
427 2326 670 2392 narratiuncula
694 2348 790 2411 quam
814 2329 959 2394 servavit
980 2328 1169 2395 Athenaeus
1192 2329 1222 2394 V
1244 2352 1276 2415 p.
1295 2330 1406 2412 2I3D,
1430 2337 1532 2413 atque

297 2432 380 2498 haec
405 2442 455 2499 est
482 2430 620 2499 formula
642 2454 703 2499 usu
728 2442 860 2519 recepta
883 2443 982 2519 atque
1006 2435 1142 2520 sancita,
1173 2456 1239 2519 qus
1269 2435 1369 2503 Ceres
1396 2444 1429 2502 et
1451 2436 1532 2501 Pro

299 2541 429 2626 serpina
453 2539 676 2625 significantur
699 2541 741 2608 cf.
765 2562 797 2628 p.
823 2543 877 2609 35.
900 2544 956 2610 43.

387 2648 563 2714 Praeterea
583 2649 767 2732 genetivum
788 2651 865 2715 δυοῖν
885 2649 1068 2716 invenimus
1083 2669 1154 2715 oum
1169 2650 1288 2736 plurali
1306 2651 1435 2716 nomine
1454 2670 1531 2716 con·

297 2754 440 2820 iunctum
462 2775 494 2840 p.
520 2757 582 2822 207
618 2758 697 2821 δυοῖν
722 2779 755 2820 τε
782 2760 835 2842 τὴν
863 2752 955 2843 αὐτὴν
984 2756 1143 2822 ἀσθένειαν
1170 2757 1302 2844 ἐχόντων
1330 2764 1363 2824 et
1386 2757 1533 2824 dativum

297 2863 363 2925 δυσῖ
385 2883 418 2946 p.
444 2863 506 2929 156
530 2863 612 2927 δυσὶν
637 2862 915 2950 ἐπαπερειδόμενος.

388 2968 424 3032 In
448 2968 600 3034 Panaetii
624 2975 656 3034 et
679 2969 886 3052 Hecatonis&
911 2968 1103 3052 fragmentis
1127 2969 1208 3036 nihil
1231 2970 1349 3037 inveni.

561 3131 581 3209 ξ
609 3131 659 3196 13.
707 3129 762 3195 οο
784 3128 1012 3195 Philodemo
1037 3129 1266 3196 Gadarensi.

386 3251 603 3317 Philodemi
641 3251 884 3319 Gadarensis
926 3252 1033 3320 dualis
1075 3256 1199 3320 numeri
1235 3275 1326 3340 usus,
1374 3263 1531 3338 quantum

296 3357 427 3441 quidem
458 3379 499 3423 ex
529 3359 598 3424 eius
627 3359 774 3443 reliquiis
797 3360 1095 3427 Herculanensibus
1125 3361 1278 3445 cognosci
1308 3370 1428 3447 potest,
1457 3383 1530 3447 per·

297 3465 435 3548 exiguus
462 3465 515 3531 vel
544 3465 652 3531 nullus
679 3466 808 3531 videtur
835 3466 947 3535 fuisse.
996 3468 1078 3536 Nam
1100 3469 1133 3533 in
1158 3469 1206 3534 eis
1230 3488 1315 3552 quae
1337 3470 1370 3533 In
1393 3471 1530 3554 papyrIs

298 3592 511 3600 ——-————-—

391 3641 410 3710 ¹)
433 3643 468 3708 II,
493 3644 535 3709 16,
556 3645 580 3696 7.
618 3643 666 3708 Ill,
690 3644 733 3709 42,
753 3645 778 3698 3.
823 3645 929 3710 90,13.
968 3646 1028 3710 110,
1048 3646 1073 3700 8.
1119 3646 1168 3710 IV,
1193 3647 1234 3712 19,
1254 3648 1279 3700 9.
1315 3647 1360 3711 32,
1377 3647 1404 3700 3.
1439 3647 1484 3706 48,
1503 3648 1530 3702 6.

297 3731 330 3795 V,
351 3733 391 3794 79,
414 3733 455 3786 13.
493 3733 539 3797 IX,
562 3736 584 3797 I,
605 3737 628 3787 1.
667 3733 699 3797 X,
720 3733 762 3799 10,
783 3734 807 3787 7.
843 3734 891 3798 XI,
910 3734 954 3801 20,
973 3734 998 3788 2.
1035 3735 1124 3800 22,1.
1161 3735 1222 3801 XII,
1242 3736 1285 3800 16,
1304 3737 1328 3790 2.
1357 3735 1440 3801 23,1.
1468 3735 1529 3800 XV,

298 3821 323 3886 1,
343 3821 384 3874 12.
421 3821 522 3887 XVIII,
541 3822 585 3884 29,
605 3824 629 3875 7.
667 3822 804 3887 XXXVII,
824 3824 850 3887 2,
869 3823 895 3876 3.

389 3907 410 3969 ’l
434 3911 468 3974 II,
488 3911 531 3975 24,
552 3913 593 3965 14.
631 3912 674 3976 38,
694 3913 719 3966 8.
756 3911 805 3976 ΠΙ,
825 3912 868 3977 52,
888 3913 916 3966 8.

389 3997 410 4065 ³)
435 4000 483 4062 III,
503 4002 546 4066 51,
568 4001 609 4054 12.

388 4087 409 4156 ⁴)
433 4088 481 4153 IV,
501 4090 526 4154 9,
548 4090 589 4143 10.
633 4090 719 4154 10,1.
757 4090 801 4154 63,
820 4091 847 4145 8.
886 4091 928 4155 70,
948 4093 973 4144 2.
1021 4091 1068 4155 VI,
1088 4091 1132 4154 24,
1151 4091 1169 4144 3
1188 4089 1260 4158 (bis).
1297 4091 1340 4156 29,
1361 4092 1385 4145 7.
1422 4091 1530 4156 3912.

296 4177 384 4242 47,1.
421 4177 496 4243 VIII,
518 4179 559 4238 15,
578 4179 603 4233 2.
641 4181 682 4244 17,
703 4179 728 4232 4.
764 4180 797 4244 X,
817 4179 860 4245 38,
882 4181 924 4235 10.
961 4181 1093 4241 46,1.7.
1134 4179 1196 4244 XII,
1217 4182 1258 4244 10,
1277 4181 1303 4234 3.
1341 4181 1447 4245 1613.
1485 4183 1529 4247 25,

299 4267 322 4321 l.
359 4266 432 4331 XVI,
454 4268 495 4332 19,
515 4271 540 4324 9.
586 4267 687 4334 XVIII,
709 4270 749 4334 19,
768 4269 794 4323 8.
831 4268 875 4334 35,
895 4269 920 4323 3.
967 4269 1040 4335 XXI,
1061 4269 1103 4334 44,
1122 4271 1148 4323 6.
1195 4270 1293 4334 XXIX,
1314 4272 1355 4323 19.
1376 4271 1401 4324 t.
1443 4270 1528 4335 XXX,

298 4357 340 4420 13,
359 4358 384 4410 9.
423 4357 526 4422 14,11.
1115 4420 1119 4428 ,

388 4444 409 4515 ⁶)
434 4447 481 4509 IX,
501 4447 544 4512 22,
563 4447 588 4500 2.
627 4447 670 4509 90,
689 4448 714 4500 9.
751 4447 827 4513 VIII,
846 4447 890 4512 22,
910 4448 935 4500 8.
972 4448 1005 4512 X,
1025 4448 1050 4512 3,
1069 4449 1096 4502 4.
1137 4447 1211 4510 XIV,
1232 4449 1324 4515 1ωὸ.
1361 4449 1421 4514 XV,
1439 4449 1483 4512 30,
1503 4449 1528 4501 7.

387 4532 410 4602 ⁶)
433 4535 482 4600 III,
501 4535 544 4599 52,
564 4535 581 4589 8
606 4531 645 4586 ἐπὶ
664 4531 701 4585 δύ’
721 4533 775 4600 (δύο
795 4536 856 4602 OD)
876 4534 992 4606 ἡμέραις.

389 4621 410 4691 ’)
433 4628 467 4678 cl.
487 4625 602 4690 Fovvler,
622 4625 751 4679 Panaetii
769 4629 798 4680 st
817 4625 968 4681 Hecatonis
991 4627 1159 4696 fragmenta.
1202 4627 1316 4681 Bonnae
1342 4627 1419 4682 1885.
1456 4626 1529 4681 Diss.
