3459 5200
838 414 967 513 “aa

421 608 457 673 In
481 607 610 673 Flavii
633 607 794 693 losephi
822 606 864 673 de
891 607 977 674 bello
999 607 1134 674 Iudaico
1157 608 1249 675 libris
1272 606 1380 675 dualis
1403 629 1468 676 nou
1490 616 1556 675 tam

330 712 397 779 late
416 720 508 798 patet
524 735 621 799 quam
640 714 673 781 in
693 714 932 799 archaeologia.
966 716 1052 783 Nam
1065 715 1098 781 in
1113 714 1217 780 altero
1239 714 1322 782 libro
1345 716 1379 781 iu
1402 740 1434 779 -ε
1447 722 1481 781 et
1494 740 1556 783 -αν

331 820 461 905 formas,
484 822 517 887 iu
541 822 643 889 altero
668 821 766 887 etiam
789 822 823 888 iu
837 845 902 888 -αιν
917 829 949 888 et
963 847 1006 886 -o
1028 830 1061 887 et
1084 821 1175 888 verbi
1198 821 1329 888 dualem
1343 820 1553 908 deprehendi·

274 984 275 987 ,
331 948 412 997 mus.
458 929 501 995 Ut
523 928 622 1012 igitur
644 928 677 993 in
691 928 838 995 Platonis
862 929 993 1014 scriptis
1017 928 1126 996 dualis
1148 929 1308 1015 paulatim
1331 931 1556 997 evanescentis

331 1034 494 1119 specimen
521 1034 677 1101 habemus
710 1034 764 1119 (cf.
787 1037 924 1121 Roeper,
957 1035 999 1102 de
1026 1034 1134 1103 dualis
1161 1055 1223 1101 usu
1250 1036 1420 1103 Platonico
1452 1058 1485 1122 p.
1509 1038 1555 1120 2),

331 1142 377 1207 itu
405 1141 493 1227 apud
520 1141 692 1227 Iosephum
720 1142 955 1210 reviviscentis.
1002 1143 1085 1211 Nam
1113 1163 1185 1209 cum
1213 1142 1445 1228 archaeologia
1472 1164 1555 1209 com·

330 1248 474 1334 pluribus
502 1250 596 1316 annis
622 1257 698 1336 post
724 1250 824 1317 libros
852 1250 895 1317 de
922 1250 1009 1317 ballo
1032 1249 1165 1317 Iudaico
1197 1250 1378 1336 composita
1410 1251 1466 1334 sit,
1498 1250 1555 1315 illo

330 1356 402 1441 ipso
427 1364 571 1442 tempore
594 1356 700 1424 dualis
723 1378 816 1425 usum
840 1358 999 1443 paulatim
1022 1357 1165 1425 crevisse
1187 1364 1336 1443 apparet.

419 1464 491 1531 Non
510 1464 607 1549 longe
621 1464 723 1531 distat
737 1464 937 1531 Plutarchi
960 1485 1047 1532 usus.
1083 1464 1168 1532 Nam
1188 1485 1247 1550 pro
1261 1464 1410 1550 portione
1422 1463 1556 1531 totidem

331 1569 398 1636 lere
429 1570 550 1638 formas
582 1571 696 1638 duales
723 1572 867 1658 praebet,
899 1580 978 1656 quot
1006 1570 1173 1657 Iosephus,
1200 1571 1299 1657 paulo
1322 1571 1433 1657 plures
1457 1592 1556 1655 quam

330 1678 507 1763 Dionysius
532 1686 564 1746 et
586 1680 689 1749 Philo.
736 1680 873 1747 Formas
902 1679 1017 1747 duales
1044 1680 1215 1746 verborum
1237 1680 1363 1765 vitavit,
1393 1680 1556 1746 nominum

330 1774 363 1851 iu
396 1809 447 1861 -a‚
476 1810 516 1866 -s,
545 1810 613 1867 -οιν,
642 1811 705 1854 -αιν
737 1787 926 1855 desinentes
954 1786 1096 1856 admisit.
1150 1787 1257 1871 Atque
1294 1785 1433 1853 eundem
1460 1806 1555 1870 quem

330 1891 426 1959 modo
454 1893 542 1979 apud
568 1893 741 1979 Iosephum
769 1895 980 1979 cognovimus
1017 1893 1176 1980 paulatim
1212 1902 1412 1961 crescentem
1448 1892 1556 1959 dualis

331 2021 423 2066 usum
446 1998 534 2086 apud
557 2020 629 2068 eum
652 2002 826 2069 observare
842 2002 927 2069 licet.
960 2002 1045 2069 Nam
1062 2000 1097 2067 in
1114 2000 1191 2068 vitis
1212 2020 1363 2067 uumerus
1381 2000 1556 2067 formarum

331 2106 475 2173 dualium
492 2128 550 2193 pro
571 2109 718 2193 portione
737 2108 837 2177 multo
853 2109 958 2175 maior
971 2120 1022 2175 est
1036 2128 1134 2193 quam
1156 2108 1189 2173 in
1213 2107 1343 2194 scriptis
1367 2107 1553 2175 moralibus.

418 2214 490 2279 Dic
511 2214 808 2301 chrysostomus
826 2216 924 2282 etiam
942 2215 1064 2282 maiore
1078 2216 1201 2299 impetn
1215 2222 1360 2282 veterum
1375 2235 1554 2281 sermonem

329 2319 521 2388 imitandum
548 2342 725 2407 aggressus
753 2329 812 2390 est.
862 2322 957 2391 Unde
984 2323 1104 2389 factum
1132 2330 1197 2408 est,
1226 2328 1263 2387 ut
1289 2322 1323 2387 in
1351 2322 1442 2388 duali
1465 2342 1554 2388 usur-

329 2426 439 2513 pando
471 2429 602 2497 modum
633 2431 775 2516 priorum
812 2430 910 2515 longe
947 2429 1129 2497 excederet
1188 2430 1349 2515 Imprimis
1384 2430 1553 2496 verborum

330 2534 459 2603 dualem
483 2536 516 2603 in
540 2536 668 2604 deliciis
691 2536 818 2624 habuit,
848 2546 948 2623 atque
970 2537 1005 2604 id
1028 2537 1160 2623 quidem
1182 2544 1363 2623 tantopere,
1388 2545 1424 2602 ut
1445 2534 1553 2602 Plato·

330 2663 403 2710 nem
426 2664 484 2730 pro
508 2644 655 2730 portione
678 2653 855 2731 superaret.
903 2645 1047 2712 Subiecti
1072 2645 1158 2713 cuim
1181 2644 1311 2711 dualem
1334 2663 1462 2730 semper
1484 2643 1553 2711 iere

330 2771 402 2819 cum
426 2749 516 2816 duali
538 2751 720 2837 praedicati
743 2751 847 2819 forma
871 2752 1044 2819 coniunxit
1093 2751 1173 2818 Cum
1196 2759 1306 2817 autem
1329 2750 1437 2818 dualis
1460 2771 1555 2816 usum

331 2857 427 2944 plana
441 2857 719 2945 redintegraverit,
744 2859 843 2938 multo
859 2860 965 2944 magis
981 2859 1189 2925 memorabile
1203 2865 1264 2943 est,
1288 2857 1377 2942 quod
1390 2861 1443 2924 δὸο
1456 2877 1553 2924 voca·

329 2964 396 3032 buli
419 2966 603 3050 genetivum
626 2966 781 3034 undecies
801 2969 864 3046 tho,
888 2973 1003 3051 quater
1016 2973 1140 3032 tantum
1157 2969 1243 3042 moto,
1267 2965 1412 3032 daucum
1426 2985 1555 3051 semper

329 3074 394 3138 buci
416 3072 576 3142 formavit.
1150 3097 1153 3102 ·

417 3181 546 3265 Restat,
579 3187 614 3248 ut
646 3180 687 3248 de
715 3181 872 3249 Demetrii
899 3181 1051 3248 Phalerei
1077 3186 1144 3267 περὶ
1171 3179 1333 3269 ἑρμηνείας
1365 3187 1398 3246 et
1426 3179 1554 3246 'limaci

328 3286 423 3352 Locri
445 3292 511 3373 περὶ
535 3293 632 3376 ψυχᾶς
653 3295 759 3375 acopo
782 3289 837 3373 qui
859 3288 1004 3355 feruntur
1017 3287 1108 3355 libris
1122 3307 1229 3374 pauca
1243 3287 1416 3356 addamus.
1444 3289 1554 3374 Ipsum

328 3394 561 3461 Demetrium
574 3395 805 3463 Phalereum
823 3397 968 3464 libellum
985 3401 1053 3482 περὶ
1070 3395 1231 3483 ἑρμηνείας
1245 3416 1308 3461 non
1323 3396 1553 3481 composuisse,

329 3506 363 3565 ut
390 3501 429 3566 Η.
456 3501 548 3570 Liers
580 3501 636 3590 (de
664 3510 763 3572 aetat.
793 3511 825 3570 et
857 3504 967 3590 script
998 3503 1086 3588 libri,
1119 3503 1174 3586 qui
1206 3501 1307 3568 fertur
1336 3503 1430 3571 Dem.
1458 3502 1551 3568 Pbal.

328 3631 359 3674 π.
388 3606 490 3696 spana
523 3609 659 3676 Breslau
690 3613 786 3694 1880)
819 3611 947 3702 statuit,
981 3610 1016 3677 0.
1045 3611 1198 3676 Hammer
1235 3610 1390 3693 (Demetr.
1422 3633 1453 3676 a.
1486 3608 1551 3697 ἑρρ,

328 3715 519 3783 Laudesbut
543 3719 641 3800 1883)
666 3725 698 3784 et
720 3719 819 3784 multo
842 3718 962 3784 clarius
985 3716 1383 3785 Beheim-Schwarzbach
1410 3715 1554 3804 (libellus

328 3845 358 3888 π.
383 3821 448 3912 ἑρμ.
471 3823 527 3908 qui
549 3825 641 3891 Dem.
666 3845 748 3890 nom.
774 3826 920 3911 inscript.
945 3831 1004 3911 est,
1033 3845 1097 3908 quo
1120 3830 1217 3910 temp.
1242 3824 1420 3911 compsit,
1444 3823 1554 3890 Kiliae

332 3932 429 4012 1890)
454 3931 671 3998 ostenderunt.
713 3931 783 4012 Ille,
808 3954 904 4018 quem
927 3939 1104 4017 sequuntur
1126 3933 1162 3998 B.
1176 3931 1361 3997 Volkmann
1383 3930 1553 4014 (Rhetorih

329 4037 387 4104 der
410 4039 571 4107 Griecben
593 4039 659 4105 und
681 4040 817 4107 aomar*
839 4062 870 4126 p.
894 4042 974 4122 538)
1003 4047 1037 4107 et
1059 4039 1119 4108 Gu.
1143 4038 1186 4107 de
1209 4038 1317 4105 Christ
1343 4037 1553 4122 (Gesohichtc

329 4144 359 4210 d.
376 4146 495 4230 griech.
511 4147 608 4213 Litt.¹
626 4168 656 4232 p.
672 4149 750 4226 505)
773 4147 916 4214 libellum
939 4147 1028 4214 circa
1050 4167 1170 4213 annum
1192 4146 1401 4213 centesimum
1423 4166 1453 4211 a
1470 4145 1505 4211 O.
1520 4167 1551 4211 u.

329 4253 481 4339 scriptum
505 4273 579 4321 esse
602 4259 723 4323 censet.
760 4252 864 4340 Quod,
889 4253 1017 4321 dualem
1042 4255 1070 4320 si
1090 4261 1285 4339 spectamus,
1309 4255 1449 4339 probare
1463 4253 1552 4319 nudo

328 4359 424 4426 modo
447 4380 628 4446 possumus.
672 4361 755 4428 Nam
783 4361 840 4428 illo
870 4370 1014 4448 tempore
1041 4360 1149 4427 dualis
1176 4362 1346 4428 verborum
1377 4367 1409 4426 et
1435 4359 1551 4426 sorma-

328 4489 397 4535 rum
420 4468 454 4533 in
477 4491 514 4532 -o
537 4467 751 4535 desinentium
770 4489 862 4535 usum
877 4475 1001 4535 tantum
1014 4469 1048 4534 in
1068 4467 1179 4535 libello
1199 4467 1352 4534 rhetorici
1369 4468 1551 4552 argumenti

329 4575 429 4642 fuisse
457 4574 637 4661 -plures
675 4575 760 4642 enim
792 4583 866 4642 sunt
897 4595 956 4662 pro
992 4576 1140 4661 portione
1177 4573 1299 4642 formae
1336 4595 1432 4658 quam
1463 4574 1551 4660 apud

327 4681 464 4747 Diouem
487 4719 531 4730 -
554 4681 732 4748 concedere
759 4703 824 4748 non
851 4703 1033 4769 possumus.
1080 4683 1180 4749 Multo
1208 4689 1317 4749 autem
1339 4681 1444 4750 miuus
1467 4681 1550 4749 arbi·
