3459 5200
607 606 808 704 1113..-

129 831 192 878 non
215 810 312 879 video
336 814 504 897 quomodo
527 834 588 896 pro
613 819 703 880 certo
727 814 902 880 diiudicari
925 814 1035 897 possit
1053 824 1075 897 ).
1125 815 1193 881 Sed
1215 833 1291 898 gra-

129 917 197 980 vius
221 921 273 982 est
298 917 388 1000 quod
415 917 619 999 Hephaestio
650 919 854 984 carminibus
885 919 1107 1000 systematicis
1131 920 1292 984 adrrunre·

130 1022 209 1085 ravit
232 1022 354 1103 elegias
374 1027 407 1086 et
428 1022 555 1104 epodos
578 1023 622 1103 (p.
640 1023 709 1086 Vlll
724 1024 743 1086 9
757 1025 853 1106 sqq),
870 1043 955 1105 quae
970 1024 1059 1106 apud
1073 1023 1291 1101 Victorinum,

128 1125 155 1188 si
177 1125 277 1189 modo
301 1145 402 1207 supra
425 1129 515 1190 recte
538 1125 579 1190 dc
602 1125 722 1189 lacuna
736 1147 769 1207 p.
790 1127 877 1203 57,5
898 1127 1051 1205 iudicavi,
1074 1135 1191 1212 μικτσῖς
1207 1126 1291 1190 κατὰ

127 1227 231 1311 cdxcv
259 1227 468 1293 subiciuntur
496 1228 714 1311 similiterque
748 1234 848 1311 atque
882 1230 970 1311 apud
997 1231 1099 1294 Arist.
1130 1252 1161 1312 p.
1191 1231 1243 1305 37,
1271 1231 1292 1292 8

126 1328 207 1394 κατὰ
230 1330 366 1416 δίστιχον
388 1331 644 1398 distribuuntur.

205 1429 401 1520 Ἀμετσίβολα
425 1441 458 1500 et
481 1433 674 1521 parabolani
696 1458 716 1501 a
739 1457 804 1519 quo
828 1441 965 1503 auctore
994 1456 1113 1518 graeco
1137 1436 1292 1519 petiverit

127 1539 369 1604 Thacomestus
399 1559 538 1621 prorsus
568 1540 772 1622 ignoramus
822 1541 936 1624 Neque
964 1540 1054 1604 enim
1083 1541 1173 1622 quod
1200 1540 1292 1605 Hen-

127 1643 194 1707 sius
228 1643 300 1724 (HU
326 1663 357 1725 p.
384 1645 457 1726 199)
492 1644 698 1726 comparavit
732 1644 836 1708 schol.
869 1645 942 1708 Hel.
970 1644 1073 1708 Arist.
1106 1645 1189 1708 Ach.
1218 1644 1291 1721 eol,

125 1751 215 1811 recte
236 1747 302 1812 iam
325 1766 345 1810 a
368 1749 512 1812 Caesare
535 1747 555 1811 l.
580 1767 606 1812 c.
630 1769 662 1831 p.
681 1748 721 1810 Vl
743 1749 820 1811 adn.
847 1749 861 1810 1
889 1748 937 1811 sic
960 1747 1174 1812 emendatum
1203 1767 1292 1832 μονο-

124 1847 288 1932 στροφικόν
310 1848 402 1934 μέλος
425 1848 541 1914 ἐκδύο
565 1846 706 1936 μονάδων
729 1849 1216 1936 μεταβολικῶν,1νυσρεν)ἰιιθί.
1252 1851 1290 1913 ln

124 1953 320 2018 colometria
342 1955 505 2020 habemus
529 1973 665 2019 carmen
694 1973 735 2018 ex
762 1953 932 2018 variorum
962 1973 1117 2018 versuum
1140 1953 1290 2035 strophis

124 2061 294 2135 constane,
318 2057 407 2139 apud
429 2058 638 2123 Victorinum
660 2057 794 2122 diversa
816 2077 973 2122 versuum
995 2077 1120 2138 genera
1142 2057 1230 2120 inter
1253 2076 1290 2121 se

123 2160 295 2244 permixta.
340 2161 513 2226 Heliodori
536 2156 697 2246 μεταβολή
719 2161 818 2244 plane
842 2161 996 2243 congruit
1018 2181 1093 2226 curn
1117 2181 1166 2235 ea,
1189 2180 1290 2241 quam

118 2265 326 2346 Hephaestio
359 2285 390 2346 p.
424 2265 514 2329 XXX
541 2265 561 2328 5
596 2263 706 2328 verbis
739 2263 774 2327 τὸ
804 2263 1016 2349 μεταβολικοῖς
1049 2263 1085 2328 τὸ
1117 2261 1205 2348 ᾆσμα
1237 2285 1289 2346 γε·

119 2362 265 2451 γράψαι
298 2369 470 2450 significat.
525 2369 659 2451 Aptius·
680 2369 866 2450 comparari
901 2367 1009 2450 potuit
1042 2367 1144 2432 Arist.
1178 2366 1292 2445 Quint.

118 2493 153 2553 p.
169 2471 221 2548 94,
237 2473 256 2533 3
273 2490 345 2555 sqq.
368 2473 409 2536 923
426 2493 475 2554 sq.
499 2474 540 2536 96
556 2492 628 2555 sqq.
662 2473 775 2554 Neque
798 2473 897 2554 igitur
919 2472 998 2536 licet
1019 2475 1157 2552 propter
1181 2471 1290 2534 solum

121 2575 205 2640 illud
229 2571 383 2641 scholion
406 2575 493 2641 hanc
516 2575 769 2642 distinctionem
789 2576 972 2641 Heliodoro
995 2574 1176 2639 vindicare.
1219 2573 1292 2639 Hoc

119 2698 226 2743 unum
250 2683 376 2744 certum
398 2679 528 2744 videtur
550 2680 705 2761 primitus
733 2699 857 2744 nomen
888 2675 1080 2764 parabolani
1107 2678 1150 2742 ad
1179 2679 1293 2743 omnia

118 2782 273 2847 carmina
294 2782 507 2865 pertinuisse,
537 2802 622 2864 quae
651 2803 721 2847 non
748 2780 831 2847 κατὰ
856 2780 964 2867 στίχον
986 2781 1179 2863 conscripta
1202 2786 1290 2846 sunt.

207 2884 322 2950 Altera
344 2885 577 2968 explicationis
601 2886 642 2951 de
666 2886 852 2951 carminum
879 2884 1057 2966 generibus
1080 2904 1160 2967 pars
1183 2906 1214 2966 p.
1237 2884 1290 2960 58,

115 2990 251 3066 5-60,
281 2988 322 3053 95
349 3010 367 3053 e
390 2989 519 3053 duabus
542 2989 714 3071 particulis
744 2988 932 3071 composita
959 2993 1025 3053 est:
1054 3007 1087 3070 p.
1110 2989 1162 3065 58,
1185 2989 1290 3051 5-93

116 3092 172 3155 vel
197 3093 248 3170 58,
271 3092 386 3169 5-59,
408 3092 428 3155 5
452 3112 537 3175 quae
561 3092 605 3157 sit
627 3092 757 3157 indoles
782 3092 968 3157 carminum
991 3091 1209 3156 triadioorum
1232 3092 1290 3155 de·

116 3195 291 3273 scribitur,
314 3214 477 3279 quacum
501 3196 714 3261 enarratione
737 3196 965 3278 paragraphus
988 3215 1020 3277 p.
1043 3195 1095 3273 60,
1122 3195 1234 3270 1-95,
1257 3199 1290 3257 et

117 3301 199 3383 ipsa
224 3299 442 3364 triadicorum
473 3304 612 3365 naturae
639 3303 738 3381 atque
761 3298 883 3380 origini
907 3297 1134 3380 expediendae
1156 3297 1291 3376 tributa,

113 3408 195 3469 arte
218 3402 405 3468 conectitur
428 3401 539 3467 verbis
560 3423 592 3483 p.
616 3403 667 3483 60,
694 3404 726 3466 1:
751 3402 852 3480 „hoc
875 3422 980 3483 genus
1004 3401 1038 3464 in
1062 3401 1168 3465 sacris
1186 3400 1292 3463 canti-

112 3506 208 3570 lenis
232 3507 343 3571 terunt
369 3507 504 3590 quidam
534 3510 616 3572 etc‘*
667 3507 808 3571 Adnexa
837 3511 915 3571 sunt
943 3504 1165 3588 priori'parti
1185 3524 1218 3585 p.
1240 3504 1292 3580 59,

111 3610 205 3673 6-7
231 3610 379 3675 carmina
402 3610 656 3692 monostropha,
687 3630 771 3693 quae
795 3610 940 3692 scriptor
962 3630 1004 3673 ex
1025 3607 1191 3690 poematis
1214 3606 1293 3689 lyri-

111 3713 168 3777 cis
204 3712 362 3794 legitimis
397 3715 429 3778 h.
460 3734 488 3777 e.
517 3712 698 3788 triadieistt
726 3714 835 3795 epodo
870 3713 1006 3794 dempta
1035 3712 1116 3775 oriri
1146 3710 1292 3784 censuit3

210 3954 228 4024 ¹)
249 3956 377 4019 HensiuS,
399 3973 460 4011 cum
479 3974 505 4025 p.
523 3956 557 4009 49
582 3954 745 4023 tripartitam
769 3954 933 4010 divisionem
956 3956 1107 4009 Heliodoro
1132 3953 1292 4018 vindicaret,

106 4043 283 4112 gravissime
301 4058 395 4096 secum
419 4043 563 4111 pugnavit,
586 4042 718 4111 quoniam
742 4043 894 4097 carminum
916 4043 987 4094 κατὰ
1015 4046 1102 4109 σχέσιν
1129 4041 1292 4094 divisionem

105 4129 359 4199 quadripartitam,
369 4146 441 4199 quae
451 4135 494 4185 est
503 4147 528 4198 p.
540 4130 562 4181 V
584 4130 692 4193 19-14,
706 4136 789 4185 antea
801 4131 839 4199 (in
856 4130 906 4183 HU
919 4147 946 4198 p.
961 4130 1020 4198 148)
1039 4129 1128 4182 eidem
1141 4128 1292 4183 Heliodoro

105 4218 262 4271 tribuerat.
303 4217 372 4272 Nam
401 4218 448 4287 qui
475 4218 503 4271 in
531 4217 697 4272 carminibus
725 4219 796 4270 κατὰ
828 4221 915 4285 σχέσιν
945 4215 1140 4270 distribuendis
1172 4215 1293 4269 carmina

105 4298 202 4373 μικτσί
222 4309 249 4357 et
266 4305 344 4357 κοινά
363 4306 466 4367 statuit,
485 4305 559 4358 idern
578 4306 702 4373 prolecto
721 4304 748 4357 in
769 4302 966 4371 principalibus
982 4302 1133 4355 carminum
1146 4303 1293 4370 generibus

103 4392 311 4461 dispescendis
331 4393 403 4446 lecit.

207 4478 231 4549 1)
249 4479 283 4533 cf.
306 4480 418 4534 Fortun.
443 4498 468 4548 p.
494 4482 541 4543 17,
567 4481 596 4532 11
627 4496 668 4547 sq.
697 4479 743 4542 „in
771 4478 945 4533 cantionibus
1052 4476 1143 4544 lyricis
1170 4478 1292 4545 leffl'tinre

101 4567 229 4637 scriptis
316 4568 385 4621 haec
407 4568 461 4621 tria
482 4566 598 4621 inveniri
622 4582 737 4620 necesse
759 4571 813 4621 est:
839 4566 980 4633 stropben,
1003 4564 1204 4633 antistrophen,
1228 4582 1292 4633 epo·

101 4659 206 4718 don¹·;
235 4653 303 4711 Vict
324 4673 349 4723 p.
368 4657 411 4716 58,
430 4658 446 4707 6
465 4673 506 4724 sq.
534 4654 684 4723 „pleraque
708 4653 855 4722 lyricorum
880 4652 1030 4706 canninum
1050 4696 1054 4705 .
1075 4694 1081 4705 .
1101 4694 1108 4706 .
1127 4668 1160 4704 ex
1178 4654 1292 4724 strophe

1122 4758 1139 4809 8
