3459 5200
1001 413 1045 478 34

408 611 529 674 virtutis
552 610 680 674 ao'oitit
703 615 735 673 et
758 614 852 673 notas
876 608 1075 693 reddentem,
1108 608 1224 690 quibus
1255 607 1339 673 inter
1367 628 1402 674 se
1430 611 1545 676 struitis
1574 608 1634 675 dis·

410 716 623 783 eriminentnr.
653 713 750 800 (conl.
773 715 916 781 Iuvenal.
940 715 1016 779 XlV
1044 703 1130 781 11οεΙ
1155 714 1240 780 fallit
1273 715 1355 781 enim
1385 715 1499 781 vitium
1528 717 1637 802 speeie

410 823 536 890 virtutis
561 829 592 889 et
616 823 753 904 umbra).
778 859 821 870 —-·
845 823 905 908 Ep.
933 825 1006 890 120.
1022 823 1058 889 b:
1087 822 1199 905 aliqua
1226 822 1368 906 benigna
1396 823 1498 909 laeta,
1527 824 1638 908 aliqua

409 930 558 1016 humana,
583 930 693 1014 aliqua
717 930 813 994 fortia
837 951 896 995 nos
921 928 1221 1014 obstupefecerant:
1254 929 1336 995 haee
1364 930 1530 1016 eoepimus
1559 937 1636 995 tam-

409 1058 505 1121 quam
529 1037 673 1125 perlecta
688 1036 807 1104 mirari.
833 1037 987 1104 suberant
1004 1036 1072 1102 illis
1089 1037 1192 1101 multa
1213 1041 1296 1119 attio,
1321 1058 1405 1120 quae
1427 1041 1542 1122 premes
1565 1059 1636 1103 eon·

411 1145 513 1230 spieui
539 1145 675 1211 alieuius
698 1144 777 1210 laeti
800 1143 971 1228 fulgorque
995 1143 1137 1211 celabat:
1162 1143 1244 1209 haee
1267 1143 1552 1210 dissimulavimus.
1582 1166 1636 1210 ua·

410 1260 482 1318 tura
505 1253 594 1319 iubet
618 1271 739 1336 augere
761 1250 938 1318 laudanda,
961 1270 1055 1316 nemo
1079 1271 1142 1316 non
1166 1251 1303 1334 gloriam
1324 1252 1410 1316 ultra
1426 1271 1534 1318 rerum
1549 1252 1635 1316 tulit:

411 1381 450 1426 ex
474 1359 525 1426 bis
549 1380 626 1444 ergo
649 1363 780 1448 spectem
803 1358 946 1443 ingentis
969 1359 1044 1425 boni
1067 1357 1233 1424 traximus.

498 1593 536 1658 Τ.
567 1593 651 1659 Hist.
682 1591 714 1656 ΙΙ
741 1595 794 1660 46.
821 1594 857 1658 9:
890 1592 919 1658 is
952 1598 1009 1668 (so.
1037 1590 1163 1657 Plotius
1191 1590 1330 1673 Firmus)
1363 1590 1517 1675 praetorii
1544 1611 1636 1676 prae·

309 1783 312 1788 .
409 1699 513 1765 leatus
545 1697 722 1765 identidem
755 1699 884 1784 orabat,
915 1719 956 1763 ne
988 1697 1180 1764 fidissimum
1212 1699 1400 1778 exereitum,
1438 1718 1480 1763 ne
1516 1700 1636 1784 optime

410 1807 542 1873 meritos
576 1799 696 1873 u'rilites
730 1805 909 1873 desereret:
946 1810 1063 1871 maiore
1093 1809 1195 1871 animo
1228 1809 1354 1871 tolermri
1384 1808 1515 1871 aduersu
1546 1829 1636 1891 worn

408 1917 554 1999 relinqu&
578 1912 678 1980 fortes
702 1919 734 1978 et
758 1921 907 1981 strenuos
931 1914 1029 1979 etiam
1051 1920 1164 1978 eontra
1187 1912 1347 1978 fortunam
1375 1912 1527 1979 insistere
1556 1914 1635 1999 spei,

409 2019 540 2087 timidos
564 2027 597 2086 et
618 2021 755 2105 ignavos
780 2020 823 2086 ad
847 2021 1108 2107 desperationem
1131 2019 1303 2086 tormidine
1326 2040 1510 2106 properare.
1537 2022 1634 2108 (Anu.

409 2128 492 2194 V8.
512 2129 567 2195 10:
601 2134 636 2192 at
663 2128 859 2214 Pomponius
891 2129 993 2194 multa
1024 2148 1146 2194 morum
1180 2127 1345 2211 elegantia
1372 2134 1405 2194 et
1431 2129 1562 2212 ingenio
1590 2130 1634 2192 in-

409 2234 514 2320 lustri,
547 2233 622 2300 dum
659 2239 820 2302 adversam
849 2241 1016 2320 fortunam
1051 2258 1167 2320 aequos
1203 2239 1326 2316 toleret,
1366 2235 1498 2301 Tiberio
1527 2256 1634 2322 super·

410 2348 477 2407 stes
501 2341 583 2420 suit.)

499 2448 531 2514 S.
545 2454 611 2514 nat.
627 2457 751 2532 quaest.
769 2449 812 2514 lll
829 2447 933 2534 praef.
951 2452 991 2516 12
1012 2469 1076 2534 sq.:
1111 2447 1196 2527 Quid
1216 2455 1267 2515 est
1280 2449 1514 2535 praecipuum?
1539 2469 1635 2535 posse

410 2558 486 2623 lueto
508 2560 612 2623 animo
635 2559 764 2623 adverso
788 2558 928 2623 tolerare.
953 2555 1106 2642 quicquid
1134 2555 1298 2635 reciderit,
1333 2557 1381 2623 sie
1409 2556 1506 2636 ferre,
1541 2557 1634 2641 quasi

408 2663 549 2730 volueris
564 2663 623 2730 tibi
637 2663 796 2730 assidere.
813 2716 820 2731 .
835 2716 865 2731 ..
891 2664 978 2743 flere,
1003 2665 1103 2749 queri,
1126 2684 1256 2747 gemere
1275 2667 1441 2729 desciscere
1459 2670 1520 2733 est.
1558 2664 1636 2748 quid

410 2776 460 2836 est
482 2772 710 2856 praeeipnum?
733 2774 857 2837 deintus
880 2780 987 2836 contro
1009 2773 1197 2836 eobrrrritotes
1213 2775 1310 2855 sortis
1332 2779 1361 2836 et
1383 2780 1559 2838 conterinum.
1594 2770 1636 2835 ad

409 2876 522 2962 Polyb.
557 2877 598 2945 de
630 2877 750 2944 eonsol.
782 2879 857 2943 XVI
882 2881 918 2944 2:
958 2878 1047 2942 Tulit
1079 2877 1140 2943 boe
1172 2884 1281 2943 tamen
1309 2885 1376 2943 tam
1405 2879 1497 2945 triste
1519 2879 1636 2943 vulnus
1722 2867 1723 2880 ¹

409 2986 513 3049 eudem
543 2988 751 3067 mopnitudine
781 2988 879 3052 ooirui
911 2986 951 3054 Μ.
985 2985 1157 3069 Antonius,
1188 3007 1249 3069 prm
1280 2990 1392 3051 oronte·
1414 2990 1478 3051 otio
1505 2988 1635 3051 adverso

409 3094 597 3157 toleraverat.

498 3306 535 3371 Τ.
560 3304 641 3371 Hist.
666 3304 711 3370 IV
739 3308 787 3373 17.
808 3308 851 3372 22
879 3306 926 3387 (in
952 3305 1065 3372 Civilis
1089 3306 1262 3387 oratione):
1296 3326 1398 3391 nuper
1424 3313 1510 3372 uerte
1538 3327 1635 3373 eaeso

410 3411 564 3489 Quintilio
580 3414 667 3478 Varo
690 3413 818 3497 pulsam
843 3432 860 3477 e
882 3412 1056 3477 Germania
1079 3414 1274 3498 servitutem,
1298 3433 1358 3480 nee
1372 3413 1536 3480 Vitellium
1550 3415 1635 3499 prin-

410 3520 522 3603 oipem,
555 3518 614 3586 sed
648 3519 822 3585 Caesarem
854 3519 1035 3602 Augustum
1072 3520 1157 3586 bello
1194 3528 1415 3606 provocatum.
1453 3522 1635 3587 libertatern

410 3634 526 3691 nutura
549 3626 647 3692 etiam
669 3631 762 3692 mutis
785 3629 973 3694 omittentibus
996 3626 1115 3712 datam,
1138 3633 1279 3695 uirtutem.
1297 3632 1462 3713 proprium
1480 3631 1634 3695 borni-raom

409 3736 530 3797 bonum.

499 3842 532 3909 S.
548 3841 606 3926 Ep.
624 3845 702 3910 tue
717 3862 781 3926 sq.:
807 3842 843 3906 lu
857 3845 979 3908 tremine
992 3844 1145 3928 optimum
1161 3843 1239 3928 qnid
1258 3848 1329 3911 est?
1349 3844 1449 3910 ratio:
1469 3844 1531 3909 bae
1547 3852 1635 3910 ante·

410 3947 496 4013 aedit
509 3952 667 4030 animatio,
692 3948 772 4015 deos
796 3950 948 4033 sequitur.
973 3951 1056 4015 ratio
1080 3971 1158 4034 ergo
1182 3949 1327 4037 perfecta
1339 3956 1504 4037 propitum
1523 3955 1635 4017 bonnam

409 4063 468 4139 est,
492 4062 601 4122 uetera
623 4055 671 4121 illi
695 4076 766 4122 eum
790 4060 973 4123 animalibus
996 4058 1142 4141 satisque
1164 4060 1345 4124 eommunia
1369 4066 1452 4125 sunt.
1468 4111 1474 4124 .
1488 4110 1516 4125 ..
1537 4059 1636 4124 babet

409 4163 552 4249 inpetum
576 4171 758 4229 semotum
782 4164 1013 4230 voluntarium:
1038 4171 1070 4230 et
1093 4167 1218 4232 bestiae
1246 4174 1279 4232 et
1305 4187 1440 4235 vermes.
1549 4164 1636 4243 Quid

410 4270 442 4335 iu
465 4274 585 4337 lumine
603 4275 786 4357 propriane?
810 4272 902 4338 ratio.
990 4272 1073 4338 haee
1095 4273 1178 4337 ratio
1207 4272 1353 4359 perlaeta
1378 4278 1476 4338 virtus
1501 4280 1635 4338 voeatur

410 4376 587 4463 eademque
616 4379 785 4446 honestum
809 4387 867 4447 est.
919 4379 953 4443 id
980 4380 1091 4464 itaque
1119 4401 1215 4445 unum
1242 4382 1354 4447 bonum
1377 4387 1427 4447 est
1450 4380 1482 4445 in
1505 4383 1633 4460 tomiano,

409 4485 495 4568 quod
518 4507 615 4552 unum
633 4490 765 4555 libaninis
783 4493 843 4555 eet.
869 4485 910 4553 de
928 4487 1006 4552 irai
1031 4491 1061 4554 3.
1078 4490 1097 4554 6
1113 4509 1175 4571 sq.:
1209 4490 1298 4553 Muto
1316 4491 1463 4554 enitentia
1486 4486 1635 4553 humanis

408 4593 578 4661 affectibus
602 4602 722 4680 oarent,
749 4593 870 4661 habent
898 4601 1005 4660 autern
1038 4594 1161 4661 similes
1194 4595 1259 4660 illis
1287 4594 1445 4679 quosdam
1471 4595 1633 4679 inpulsus:

408 4700 561 4786 alioquin,
586 4702 614 4767 si
638 4722 727 4768 amor
750 4702 782 4766 in
805 4701 871 4767 illis
895 4708 982 4767 esset
1005 4710 1037 4766 et
1060 4701 1177 4786 odium,
1201 4710 1288 4768 esset
1311 4702 1457 4768 amicitia
1475 4710 1507 4767 et
1525 4703 1633 4767 simul-
