3459 5200
1008 531 1051 598 ΞΟ

454 740 538 806 haec
561 740 737 806 difficultas
753 737 947 806 dissolvitur
969 740 1068 806 simul
1092 759 1167 806 cum
1190 760 1239 818 ea,
1262 761 1364 824 quam
1384 745 1486 806 antea
1515 741 1618 824 signi·

450 843 553 910 ficari.
590 844 739 910 Primum
761 849 934 910 teneamus
957 848 1089 927 oportet
1103 864 1174 923 eos,
1195 845 1252 926 qui
1266 845 1418 911 ultimam
1433 843 1614 910 enchiridii

450 952 582 1030 partem
628 949 734 1030 capite
772 949 843 1033 περὶ
881 945 1053 1033 ποιήματος
1091 947 1244 1013 effectam
1288 968 1363 1014 esse
1400 947 1618 1031 sumpserint,

452 1051 606 1133 redargui
650 1051 747 1116 simul
792 1055 825 1116 et
866 1050 1096 1116 Choerohosci
1144 1055 1179 1115 et
1220 1056 1415 1116 nostrorum
1463 1051 1618 1116 codicum

452 1154 616 1220 memoria
648 1173 710 1218 nec
743 1173 813 1218 non
846 1154 958 1218 verbis
992 1154 1058 1218 illis
1091 1174 1123 1236 p.
1152 1154 1204 1233 59,
1239 1155 1278 1218 12
1300 1155 1353 1219 W.
1381 1159 1519 1219 τοσαῦτα
1547 1155 1618 1238 περὶ

453 1256 585 1343 μέτριον·
618 1259 689 1341 περὶ
716 1257 752 1320 δὲ
779 1253 952 1342 ποιήματος
980 1255 1051 1342 ἑξῆς
1073 1255 1193 1342 ῥητέον,
1216 1258 1337 1340 quihus
1364 1258 1473 1324 maior
1494 1257 1617 1322 incisio

452 1361 630 1443 significari
662 1361 793 1425 videtur
825 1380 926 1444 quam
959 1381 1044 1444 quae
1077 1361 1164 1425 inter
1198 1360 1263 1426 duo
1292 1362 1404 1444 capita
1426 1381 1502 1427 sese
1526 1361 1616 1426 exci-

451 1465 578 1547 pientia
609 1464 680 1530 lieri
714 1464 830 1530 soleat.
884 1464 992 1528 Aliter
1025 1463 1116 1528 enim
1148 1463 1363 1530 iudicandum
1397 1470 1449 1532 est
1482 1465 1525 1530 de
1553 1465 1616 1528 hac

453 1568 631 1648 locutione,
665 1569 762 1633 aliter
791 1569 833 1632 de
859 1568 982 1633 talibus
1012 1569 1127 1651 quales
1154 1569 1309 1651 leguntur
1336 1589 1369 1651 p.
1390 1570 1442 1648 43,
1469 1569 1508 1632 13
1522 1603 1562 1614 -
1578 1567 1616 1630 18

374 1751 376 1756 Ι
452 1675 485 1736 et
506 1671 557 1751 57,
582 1673 714 1737 7-14
736 1671 799 1750 W,
822 1671 943 1755 quihus
972 1690 1047 1737 cum
1075 1671 1196 1736 mediis
1218 1672 1439 1755 interpositae
1462 1673 1534 1737 sint
1555 1690 1616 1735 no·

451 1795 569 1840 vorum
593 1774 739 1858 capitum
762 1775 1012 1858 inscriptiones,
1035 1775 1234 1857 copulantur
1256 1777 1362 1858 magis
1385 1795 1487 1858 qrrarn
1502 1795 1616 1858 segre·

452 1882 571 1960 gantur
587 1879 719 1960 singula
734 1879 853 1962 capita.
899 1879 1029 1943 Tamen
1045 1882 1078 1944 et
1093 1878 1150 1943 illa
1171 1880 1275 1944 rerba
1298 1882 1330 1944 et
1353 1897 1393 1944 ea
1415 1898 1500 1961 quae
1516 1883 1616 1944 antea

452 1981 548 2046 attuli
580 1981 677 2046 nobis
709 1987 951 2064 persuaseumt
971 1981 1258 2064 Hephaestionem
1294 1983 1390 2065 quasi
1418 1981 1615 2064 appendicis

452 2085 526 2149 loco
550 2085 736 2176 enchiridio
759 2086 908 2150 libellum
931 2086 1099 2168 quendam
1118 2087 1190 2170 περὶ
1208 2083 1381 2170 ποιήματος
1394 2085 1615 2150 adnexuisse:

453 2188 505 2252 cui
528 2189 715 2254 sententiae
738 2190 915 2254 enchiridii
938 2190 1090 2255 condicio
1112 2209 1181 2254 non
1196 2189 1411 2254 mediocriter
1433 2188 1533 2254 iavet.
1579 2188 1614 2252 ln

452 2291 609 2357 universa
642 2293 732 2358 enim
766 2292 942 2358 enchiridii
977 2292 1089 2358 indole
1123 2294 1188 2358 hoc
1221 2293 1366 2358 maxime
1397 2293 1521 2358 mirum
1551 2297 1613 2366 est,

452 2395 551 2477 quod,
574 2413 775 2479 quamquam
799 2396 991 2461 scholarum
1013 2397 1049 2460 in
1070 2416 1169 2461 usum
1192 2401 1244 2461 est
1266 2397 1438 2480 scriptum,
1466 2395 1512 2460 ad
1546 2414 1611 2478 quo

452 2497 639 2564 difficiliora
672 2502 779 2564 metra
812 2498 994 2581 disputatio
1025 2499 1193 2581 procedit,
1227 2517 1268 2563 eo
1302 2499 1472 2580 copiosior
1505 2517 1614 2582 neque
1710 2527 1711 2540 ι

452 2621 530 2667 vero
547 2602 725 2668 dilucidior
739 2602 774 2668 fit
789 2602 976 2685 explicatio.
1020 2603 1069 2668 Ea
1089 2603 1313 2685 potissimum,
1336 2622 1422 2686 quae
1449 2603 1491 2667 de
1514 2622 1613 2685 asyn-

451 2706 568 2772 artetis
595 2705 884 2788 praescribuntur,
914 2708 948 2770 et
976 2706 1080 2770 multo
1107 2705 1203 2787 plura
1230 2726 1307 2770 esse
1334 2705 1491 2770 ridentur
1513 2726 1613 2788 quam

453 2830 537 2894 quae
560 2809 726 2874 tironibus
750 2809 932 2875 ediscenda
954 2808 1063 2891 sint,¹)
1084 2814 1120 2874 et
1141 2810 1245 2874 multo
1269 2808 1497 2891 neglegentius
1514 2814 1614 2892 atque

453 2913 640 2979 intricatius
680 2912 858 2996 descripta,
898 2932 999 2997 quam
1038 2931 1122 2996 quae
1154 2914 1283 2978 tirones
1322 2912 1444 2978 animis
1477 2912 1613 2995 assequi

450 3016 593 3100 possint.
651 3015 755 3082 Recte
792 3017 891 3101 igitur
929 3014 1188 3099 Westphalius¹)
1229 3017 1295 3081 hoc
1332 3019 1431 3098 caput
1466 3016 1511 3082 ab
1549 3016 1613 3081 He-

451 3120 651 3202 phaestione
678 3140 796 3203 parum
825 3120 1002 3201 diligenter
1029 3139 1071 3184 ex
1098 3120 1225 3185 maiore
1253 3118 1439 3185 enchiridio
1475 3138 1613 3202 excerp-

452 3227 522 3287 tum
545 3242 619 3287 esse
643 3223 768 3288 statuit.
811 3222 975 3288 Libellum
996 3223 1067 3306 περὶ
1087 3218 1269 3307 ποιήματος,
1292 3222 1348 3305 qui
1371 3221 1612 3287 Choerobosco

451 3330 587 3410 praesto
625 3330 712 3407 erat,
751 3345 821 3391 non
858 3326 1041 3392 admodum
1083 3346 1222 3409 parvum
1256 3326 1360 3391 luisse
1404 3326 1483 3391 inde
1517 3325 1613 3391 facile

453 3431 601 3512 colligaS,
634 3429 724 3513 quod
758 3428 988 3495 Choerobosci
1021 3434 1131 3496 aetate
1157 3429 1326 3513 peculiare
1348 3427 1465 3515 βιβλίον
1486 3428 1614 3504 effecit;

453 3533 542 3598 idem
564 3532 767 3614 intellegitur
795 3532 896 3598 etiam
924 3553 965 3598 ex
987 3533 1186 3616 posterioris
1214 3531 1448 3599 commentarii
1475 3532 1614 3598 ambitu.

453 3636 640 3701 Transtulit
672 3636 772 3718 igitur
803 3637 1027 3719 Hephaestio,
1064 3657 1163 3721 quem
1200 3637 1235 3702 in
1271 3637 1389 3703 ultimo
1426 3636 1613 3702 enchiridio

452 3739 658 3805 conficiendo
682 3758 803 3823 operae
824 3745 1016 3823 pertaesum
1039 3745 1100 3821 est,
1123 3760 1283 3824 generum
1305 3740 1492 3805 carminum
1515 3758 1613 3804 enar·

451 3843 626 3922 rationem,
659 3848 697 3908 ut
730 3844 836 3909 labori
863 3849 1027 3926 parceret,
1059 3845 1204 3911 fortasse
1230 3844 1274 3909 ad
1302 3844 1441 3909 verbum
1470 3862 1513 3909 ex
1543 3864 1614 3909 am-

451 3946 557 4029 pliore
581 3946 777 4027 enchiridio,
806 3966 883 4012 oum
910 3952 1072 4033 quantum
1099 3950 1135 4013 in
1158 3949 1285 4014 scholis
1307 3948 1522 4030 interpretari
1547 3947 1615 4011 vel·

453 4050 524 4115 lent
559 4049 697 4132 singulis
732 4050 902 4132 magistris
931 4050 1180 4135 permitteret.⁸)
1225 4052 1293 4118 Sed
1321 4051 1391 4116 sive
1421 4051 1513 4134 quod
1534 4070 1614 4133 poe·

541 4241 561 4311 ¹)
581 4239 791 4295 Choeroboscus
817 4240 888 4294 haec
911 4242 1037 4296 consulto
1061 4243 1097 4296 ab
1115 4241 1259 4297 enchiridii
1282 4241 1510 4311 interpretatione
1528 4240 1613 4293 seclu-

453 4328 522 4382 sisse
540 4328 660 4391 videtum
679 4326 713 4381 cl.
733 4326 831 4381 Choer.
850 4345 876 4396 p.
894 4328 936 4392 88,
955 4329 980 4383 9.

538 4412 560 4483 ')
579 4414 695 4483 Allgem.
714 4414 790 4468 lietr.
810 4416 851 4469 ed.
871 4416 909 4468 lll
931 4433 956 4484 p.
975 4418 1034 4469 300.

538 4502 558 4569 ¹)
578 4501 673 4555 Simile
701 4502 766 4569 quid
794 4502 878 4555 etiam
905 4503 988 4557 hodie
1006 4502 1034 4556 in
1060 4504 1114 4556 tine
1142 4503 1274 4557 librorum
1302 4502 1459 4557 scholarum
1483 4502 1545 4557 usui
1569 4504 1612 4555 de·

452 4589 621 4656 signatorum
638 4603 695 4643 non
713 4604 775 4642 raro
795 4590 973 4657 deprehendi,
991 4590 1037 4642 vix
1056 4590 1192 4658 estquod
1211 4590 1312 4643 diserte
1329 4605 1470 4643 moneam.
