3459 5200
250 775 282 838 p.
304 757 357 834 49,
380 759 399 822 8
423 758 459 822 G.
484 758 547 842 (93,
569 760 590 822 9
609 757 675 840 W.)
697 755 758 820 ὅλα
779 755 905 843 ᾄσματα
924 755 1026 836 ΜΤιι,
1049 755 1132 820 ἄλλα
1147 755 1273 843 ᾅσματα
1287 756 1324 822 Α,

250 881 282 941 p.
303 861 354 939 89,
377 861 416 925 10
437 861 473 926 G.
497 861 561 942 (43,
586 862 622 925 11
652 861 718 943 W.)
751 860 885 945 κομίζειν
916 859 962 942 Μ,
996 857 1138 944 κηρύξειν
1168 859 1212 942 Α;
1247 861 1329 925 scri·

163 964 313 1028 bendum
337 968 389 1029 est
411 983 486 1028 cum
514 963 565 1028 Τιι
585 963 731 1049 κυριξεινς
755 965 794 1029 cf.
820 965 986 1029 Choerob.
1009 984 1040 1046 p.
1064 965 1115 1042 84,
1138 965 1167 1028 3.

253 1069 382 1132 Tamen
411 1069 452 1132 de
479 1067 577 1133 huius
605 1069 723 1133 classis
754 1069 863 1151 pretio
887 1087 956 1132 non
979 1069 1115 1150 paulum
1138 1067 1325 1132 detrahitur

165 1190 244 1234 cum
261 1190 311 1248 eo,
335 1171 424 1253 quod
438 1168 469 1232 A
490 1174 560 1234 tam
582 1176 737 1237 accurate
752 1171 923 1254 archetypi
947 1170 1126 1253 imaginem
1150 1170 1326 1252 expressit,

164 1278 203 1338 ut
226 1273 262 1337 in
283 1277 355 1337 toto
379 1272 564 1337 enchiridio
588 1274 643 1338 vix
664 1275 777 1356 plures
798 1294 897 1357 quam
920 1277 989 1338 tres
1013 1274 1087 1338 illos
1111 1274 1204 1338 locos
1229 1294 1329 1356 supra

166 1377 357 1459 exscriptos
373 1377 408 1440 in
424 1377 505 1441 solis
520 1376 615 1440 libris
644 1374 739 1440 ΜΤιι
761 1377 835 1442 sine
858 1377 959 1441 dubio
989 1381 1078 1442 recte
1106 1378 1248 1442 traditos
1277 1377 1328 1442 in·

165 1480 311 1557 veneriS,
334 1480 454 1563 quibus
470 1479 512 1544 de
528 1481 721 1544 coniectura
745 1500 815 1544 non
838 1481 1048 1562 cogitaveris
1071 1485 1143 1545 tum
1166 1501 1216 1559 eo,
1239 1481 1329 1562 quod

167 1584 199 1647 is
223 1583 279 1666 qui
302 1583 420 1648 classis
435 1580 468 1644 B
487 1584 703 1666 archetypum
727 1583 881 1660 confecit,
905 1603 980 1647 cum
996 1587 1086 1648 esset
1106 1583 1155 1647 rei
1172 1584 1329 1648 metricae

169 1685 255 1750 satis
276 1686 414 1768 peritus,
438 1705 506 1749 non
529 1684 564 1750 id
587 1686 664 1767 egit,
685 1690 723 1750 ut
751 1687 939 1769 exemplum
968 1687 1057 1769 quod
1086 1686 1202 1751 habuit
1231 1707 1330 1769 quam

168 1790 424 1855 accuratissime
452 1790 668 1868 describeret,
698 1789 757 1854 scd
785 1794 822 1855 ut
850 1789 899 1854 rei
927 1789 1084 1854 metricae
1108 1790 1329 1854 sectatoribus

171 1892 397 1957 enchiridium
420 1894 567 1957 traderet
590 1912 689 1975 quarn
711 1897 828 1974 posset
851 1892 1007 1957 facillime
1031 1893 1202 1957 intellectu
1225 1893 1330 1974 scrip·

169 2000 243 2060 tum
283 1996 488 2079 scholiisque
530 2017 628 2080 quam
663 1997 937 2061 commodissime
976 1996 1187 2062 instructum.
1243 1995 1331 2072 Qua·

167 2103 309 2182 propter
330 2104 367 2165 ut
389 2086 518 2164 scholia
541 2101 703 2165 nonnulla
725 2100 864 2178 addidit,
888 2098 954 2164 alia
976 2099 1125 2176 mutavit,
1155 2099 1203 2162 sic
1232 2098 1332 2162 etiam

169 2203 208 2266 in
224 2206 382 2268 contextu
398 2205 576 2268 verborum
593 2223 662 2268 non
678 2223 754 2268 raro
776 2202 946 2285 archetypi
969 2201 1071 2266 verba
1093 2202 1137 2265 ad
1159 2201 1334 2265 arbitrium

170 2305 325 2372 detorsit.
369 2308 480 2372 Pauca
501 2307 670 2389 proferam
694 2306 862 2388 exempla:

257 2429 290 2492 p.
313 2411 343 2488 8,
367 2413 387 2476 9
409 2411 445 2476 G.
469 2412 512 2493 (5,
535 2412 576 2475 93
599 2412 665 2493 W.)
687 2410 757 2473 ἵκου
779 2407 879 2490 ultr,
902 2405 924 2492 ἤ
946 2428 1005 2470 κου
1027 2406 1066 2470 A.

258 2515 343 2595 p.9,
368 2516 382 2577 1
409 2513 446 2578 G.
476 2514 562 2596 (ύ,3
591 2514 657 2595 W.)
695 2513 770 2595 φησὶ
809 2516 884 2596 γοῦν
920 2507 937 2572 ὁ
976 2507 1143 2594 Σοφοκλῆς
1179 2508 1281 2592 ΜΤιι,
1314 2507 1331 2572 ὁ

172 2614 344 2702 Σοφοκλῆς
367 2638 432 2683 om.
455 2616 494 2681 A.

260 2743 294 2803 p.
327 2723 377 2800 17,
401 2724 418 2785 7
442 2722 478 2785 G.
513 2722 557 2802 (9,
593 2722 633 2785 14
654 2720 720 2803 W.)
753 2715 867 2803 τρόπος
900 2723 1005 2801 κοινῆς
1038 2716 1196 2802 συλλαβῆς
1232 2714 1334 2793 ΜΤιι,

171 2823 280 2908 κοινῆς
302 2823 461 2910 συλλαβῆς
483 2844 547 2888 orn.
571 2821 610 2886 A.

258 2949 291 3009 p.
322 2928 373 3005 31,
403 2929 422 2991 3
451 2927 488 2992 G.
518 2928 582 3009 (17,
612 2926 720 3009 8W.)
747 2924 854 2989 τοῦτον
881 2924 916 2987 δὲ
938 2920 990 2986 τὸν
1018 2915 1205 2986 ἀνάπαιστον
1231 2919 1333 3001 ΜΤιι,

170 3030 227 3095 τὸν
249 3027 438 3095 ἀνάπαιστον
460 3051 525 3096 orn.
550 3028 589 3095 A.

261 3156 294 3217 p.
318 3135 369 3213 57,
392 3136 412 3196 8
435 3135 471 3199 G.
495 3135 560 3217 (31,
585 3134 624 3197 18
646 3133 712 3214 W.)
734 3128 865 3215 Βάκχον
890 3128 993 3207 ΜΤιι,
1014 3124 1163 3213 Βράγχον
1186 3124 1224 3189 A.

260 3259 292 3321 p.
306 3239 355 3314 74,
379 3238 397 3302 7
421 3237 458 3302 G.
481 3237 547 3319 (39,
566 3238 604 3302 19
618 3235 685 3318 W.)
706 3232 941 3320 προσελεξάμαν
958 3231 1004 3311 Μ,
1020 3226 1253 3315 προσεδεξάμην
1275 3226 1336 3308 Ta,

171 3338 371 3426 ζαελεξάμαν
392 3340 431 3405 A.

262 3466 294 3527 p.
316 3444 420 3509 XXIX
438 3442 639 3507 18—XXX
661 3442 681 3505 9
703 3461 790 3524 pr0.
815 3488 822 3503 .
846 3489 853 3503 .
877 3438 963 3522 παρά
986 3439 1041 3523 μὲν
1063 3436 1168 3522 (τοῖς)
1189 3444 1337 3521 κωμικοῖς

172 3550 232 3611 καὶ
263 3556 326 3624 τοῖς
356 3552 513 3631 τραγικοῖς
540 3544 603 3607 ἐστι
630 3540 743 3626 πολλή,
776 3538 863 3626 παρὰ
896 3542 931 3604 δὲ
958 3548 1029 3621 τοῖς,
1052 3538 1186 3624 λυρικσῖς
1209 3538 1338 3602 σπανία·

172 3647 265 3735 παρά
273 3645 421 3734 Ἀλκμᾶνι
434 3648 510 3731 γοῦν
525 3644 707 3730 εὑρίσκεται,
731 3646 819 3726 quod
835 3649 886 3709 est
903 3644 937 3707 in
958 3641 997 3721 A,
1021 3642 1156 3724 scripsit
1178 3642 1295 3707 elassis
1310 3640 1342 3703 B

174 3760 296 3821 auctor
311 3751 495 3835 elegantiae
512 3751 622 3815 studio
639 3749 754 3814 nescio
770 3768 835 3831 quo
852 3748 970 3812 ductus
993 3742 1079 3829 παρὰ
1094 3746 1149 3831 μὲν
1161 3754 1224 3821 τοῖς
1246 3766 1340 3829 κωμι-

173 3867 246 3934 κοῖς
278 3857 333 3920 καὶ
366 3862 522 3939 τραγικοῖς
548 3850 667 3935 πολλὴ,
695 3847 782 3934 παρὰ
811 3850 846 3913 δὲ
874 3858 936 3926 τοῖς
963 3848 1098 3933 λυρικσῖς
1126 3846 1255 3911 σπανία·
1286 3847 1341 3909 καὶ

174 3960 267 4046 παρὰ
284 3958 432 4045 Ἀλκμᾶνι
452 3964 526 4040 γοῦν
549 3953 731 4041 εὑρίσκεται.
935 3968 937 3973 ·

265 4062 384 4128 Eidcm
396 4062 536 4126 debetur
546 4080 579 4142 p.
592 4061 643 4137 31,
657 4061 676 4123 6
690 4059 727 4123 G.
740 4059 803 4136 (17,
817 4059 856 4121 la
869 4058 935 4138 W.)
954 4056 1152 4120 vocabulum
1165 4052 1341 4137 ἐπιδέχεται

178 4172 215 4235 in
241 4166 286 4229 M
301 4169 507 4248 repugnante
533 4184 595 4228 usu
623 4161 897 4245 Hephaestioneo
927 4159 1088 4240 scriptum
1115 4177 1178 4239 pro
1205 4154 1341 4240 δέχεται,

177 4271 272 4357 quod
295 4274 346 4335 est
368 4269 404 4332 in
425 4265 465 4332 A.
510 4267 622 4349 Neque
652 4286 727 4329 cum
754 4285 786 4346 p.
815 4265 866 4341 88,
899 4265 934 4327 11
966 4264 1002 4327 G.
1032 4262 1096 4343 (48,
1119 4264 1138 4325 9
1161 4260 1227 4342 W.)
1256 4256 1342 4323 inA

178 4374 266 4440 insit
284 4371 446 4456 Κρατῖνος,
470 4371 504 4434 in
529 4366 622 4432 ΜΤιι
649 4365 800 4452 Κρατῖνος
828 4366 860 4430 ἐν
887 4374 948 4442 τοῖς
975 4363 1131 4443 τοιούτοις,
1160 4362 1342 4427 Meinekius

178 4478 262 4545 inde
297 4476 449 4540 conicere
484 4472 599 4537 debuit
630 4469 782 4556 Κρατῖνος
815 4469 847 4532 ἐν
879 4476 941 4545 τοῖς
968 4465 1125 4543 Πλούτοις.
1175 4466 1272 4530 Falso
1303 4484 1344 4528 ex

181 4578 280 4649 ultr
306 4579 341 4643 in
369 4581 498 4642 textum
522 4574 647 4658 recepit
668 4572 897 4656 Westphalius
930 4592 963 4654 p.
994 4574 1044 4650 10,
1069 4572 1107 4635 19
1125 4606 1164 4616 —-
1181 4571 1222 4633 90
1244 4569 1345 4632 verba
