3459 5200
839 396 864 457 b

238 589 324 674 quod
355 596 523 674 utrumqne
555 591 744 676 exemplum,
777 590 862 657 det
883 590 920 675 B,
954 610 994 657 ex
1023 589 1232 657 Henochiano
1265 591 1345 656 libro
1376 588 1458 657 deri·

236 698 334 765 ravit.
382 699 468 764 Nam
493 705 530 764 ut
556 697 749 768 Leidensem
779 717 843 764 non
871 698 1024 783 scriptum
1052 718 1126 765 esse
1157 698 1199 763 ab
1227 699 1299 783 ipso
1327 698 1463 765 Ioviano

236 807 392 891 Pontano‚
419 805 479 872 sed
502 807 640 874 Pontani
664 805 786 873 codicis
809 826 883 873 esse
907 806 1129 891 apographum
1155 806 1301 887 Geeli01)
1330 812 1461 872 anctore

236 912 333 979 hodie
359 919 499 995 constat,
530 914 578 979 ita
606 935 626 979 a
653 912 952 997 Reifferscheidiffl)
970 912 1069 979 vinter
1101 912 1230 979 codices
1258 914 1287 978 A
1315 920 1347 979 et
1374 914 1400 979 B
1430 920 1462 979 et

237 1022 401 1106 exemplar
432 1021 675 1091 Henochianum
711 1020 856 1111 codicem
895 1021 1057 1104 quendam
1091 1021 1354 1107 interponendum
1388 1040 1463 1087 esse

236 1128 398 1211 cognitum
426 1135 484 1197 est.
530 1127 563 1194 la
591 1129 675 1194 enim
707 1128 878 1195 nonnullas
910 1129 1063 1195 librorum
1093 1131 1120 1195 A
1145 1130 1225 1197 etB
1259 1128 1461 1214 deprehendi

235 1236 357 1306 monuit
375 1236 583 1321 corruptelas,
606 1246 704 1320 quae·
723 1256 794 1301 cum
813 1236 912 1301 ceteri
937 1236 1065 1304 codices
1089 1236 1248 1321 genuinas
1272 1236 1459 1301 exhiberent

235 1342 334 1427 scrip
321 1349 420 1422 t,uras
453 1344 487 1408 in
513 1343 669 1429 peculiari
698 1341 845 1409 codicum
874 1344 962 1409 At
930 1350 962 1409 et
989 1344 1016 1409 B
1048 1343 1137 1409 fonte
1166 1366 1186 1409 a
1213 1343 1345 1410 librario
1375 1364 1459 1409 eom·

234 1450 424 1535 pendiorum
447 1471 561 1535 parum
577 1450 687 1535 perito
712 1458 821 1517 essent
843 1450 1021 1536 proiectae.

323 1556 465 1635 Quorum
492 1557 723 1643 exemplarium
755 1563 859 1623 utrum
890 1578 1056 1625 commune
1084 1557 1295 1644 archetypum
1324 1518 1460 1626 testetur

233 1664 390 1731 sincerius
418 1672 454 1730 ut
476 1665 654 1749 indagetur,
682 1664 818 1750 primum
841 1666 1009 1749 utriusque
1032 1666 1177 1732 familiae
1200 1664 1333 1731 libriin
1365 1674 1459 1733 ste1n-

232 1772 330 1838 matis
354 1772 499 1840 ordinem
521 1773 709 1857 redigantur
732 1794 867 1839 necesse
889 1780 946 1859 est,
970 1782 1005 1839 ut
1024 1795 1064 1840 ex
1085 1774 1292 1859 superstitum
1307 1773 1458 1839 librorum

233 1880 433 1966 lectionibus,
465 1902 549 1965 quae
573 1881 605 1946 in
635 1880 813 1967 deperditis
846 1882 987 1974 scriptae
1018 1881 1145 1971 fuerint,
1177 1882 1232 1947 via
1267 1890 1299 1947 et
1331 1882 1458 1947 ratione

234 1988 344 2073 colligi
367 1990 481 2075 possit.

321 2096 369 2163 Ac
400 2098 536 2181 primum
565 2095 695 2180 quidem
727 2104 762 2163 ut
790 2097 984 2165 Vaticanum
1013 2100 1039 2162 Α
1070 2118 1109 2163 ex
1136 2096 1176 2182 Χ,
1207 2096 1400 2163 Leidensem
1432 2097 1459 2161 B

233 2224 274 2270 ex
301 2204 491 2290 apographo
519 2204 666 2289 Pontum,
699 2204 822 2270 librih
850 2205 999 2289 gemello,
1031 2204 1165 2271 fluxisse
1192 2203 1290 2270 hodie
1318 2211 1457 2289 constat,

231 2420 262 2483 D
290 2421 436 2503 quamvis
464 2419 674 2504 neglegenter
706 2420 860 2505 seriptum
888 2418 1055 2505 archetypi
1083 2419 1113 2485 Y
1148 2426 1263 2486 testem
1292 2440 1365 2485 esse
1394 2420 1457 2485 siu·

232 2548 339 2593 cerum
371 2528 497 2605 statuit3
530 2527 763 2593 Famesianum
791 2526 816 2611 C
843 2546 920 2593 vero
950 2534 983 2593 et
1006 2528 1196 2593 Vaticanum
1223 2525 1248 2592 Δ
1281 2548 1321 2593 ex
1354 2526 1456 2591 altero

231 2635 304 2700 libri
324 2636 354 2701 Y
376 2619 610 2721 apographon,
636 2634 806 2702 codicisD
830 2635 930 2701 fratre
953 2635 1050 2702 hodie
1074 2635 1251 2721 deperdito,
1275 2634 1457 2720 descriptos

232 2763 315 2828 esse,
351 2763 485 2826 quorum
520 2743 577 2808 ille
613 2763 709 2808 unam
747 2741 905 2810 edidisset
941 2743 1073 2828 prolem,
1111 2742 1362 2809 Ottcbcnianum
1394 2742 1456 2822 (E).

231 2848 327 2926 Quod
355 2858 390 2916 ut
413 2849 585 2917 dilucidius
613 2850 836 2936 perspiciatur,
864 2857 1002 2916 stemma
1026 2851 1068 2916 ah
1092 2849 1147 2916 illo
1171 2850 1240 2915 viro
1264 2849 1359 2916 docto
1383 2869 1455 2934 pro-

230 2958 371 3042 positum
394 2958 550 3026 hocloco
574 2967 700 3044 repeto:

452 3083 675 3170 [archetypum
697 3083 861 3150 Fuldense
884 3103 970 3150 saec.
995 3083 1072 3148 VIII
1095 3082 1146 3149 vel
1171 3083 1228 3167 IX]

484 3281 577 3365 [liber
600 3279 891 3368 (Hersfeldensisil
917 3300 1003 3349 saec.
1028 3279 1095 3346 lere
1119 3279 1198 3345 XIII

643 3390 687 3455 ah
709 3388 862 3456 Henoeho
886 3388 1045 3474 repertus]

840 3478 844 3581 l

585 3585 820 3673 [apographum
843 3585 1096 3670 Henochianum]

332 4051 359 4197 l

320 4498 341 4570 ¹)
355 4501 507 4571 Catalogus
522 4501 657 4555 librorum
670 4500 933 4570 manuscriptorum,
949 4501 996 4569 qui
1012 4499 1077 4554 inde
1091 4499 1128 4554 ab
1141 4517 1166 4564 a.
1184 4500 1249 4553 1741
1264 4499 1452 4556 bibliothecae

229 4591 359 4662 publiea-e
378 4590 656 4672 Lugduno-Batavae
675 4595 861 4656 accesserunt,
881 4590 1011 4664 Lugduni
1030 4591 1108 4656 1852,
1128 4609 1154 4660 p.
1175 4590 1233 4644 121,

320 4697 342 4768 ²)
361 4699 488 4755 Suetonii
505 4699 605 4769 reliqu.
625 4719 651 4770 p.
671 4698 732 4752 414.
