3459 5200
456 725 617 787 iecturam
638 725 670 796 et
692 741 741 800 ea,
764 741 848 802 quae
870 741 930 802 per
946 724 1054 784 totum
1071 719 1348 784 commentarium
1371 723 1382 780 l
1408 721 1606 803 conspicitur,

458 825 659 908 aequalitate
701 828 732 888 et
766 823 926 905 singulari
961 823 1189 901 similitudine,
1222 843 1306 905 quae
1340 825 1427 888 inter
1451 824 1607 906 utriusque

457 929 689 994 commentarii
698 933 759 992 τῶν
768 932 1018 1012 μοναστροφικῶν
1029 926 1261 991 enarrationes
1273 927 1460 1006 intercedit,
1471 928 1607 1010 redargui

460 1032 774 1097 demonstravimus.
821 1031 956 1095 Certum
985 1031 1159 1095 Heliodori
1191 1032 1368 1113 vestigium
1405 1033 1439 1096 in
1466 1035 1539 1096 tota
1563 1032 1608 1094 illa

456 1136 619 1219 particula
643 1156 684 1198 ne
708 1155 810 1199 unum
840 1134 975 1218 quidem
1004 1135 1276 1217 deprehenditur.
1321 1136 1529 1199 Vocabulum
1555 1133 1609 1197 ἰδέα

457 1241 491 1304 in
523 1238 696 1304 Heliodori
727 1239 921 1320 fragmentis
951 1259 994 1303 ne
1023 1240 1127 1303 semel
1151 1239 1286 1321 quidem
1308 1238 1515 1321 deprehendi
1539 1237 1608 1302 diri:

456 1343 654 1408 vocabulum
669 1339 813 1425 περίοδος
835 1341 870 1405 in
884 1341 1059 1406 Heliodori
1083 1342 1279 1407 colometria
1302 1347 1354 1407 sat
1377 1347 1430 1406 est
1454 1342 1609 1424 frequens,

456 1452 490 1512 at
524 1451 653 1511 tantum
687 1446 793 1522 abest,
826 1447 863 1509 ut
899 1445 1003 1509 solius
1035 1445 1208 1510 Heliodori
1244 1446 1342 1510 fuerit
1370 1445 1553 1529 proprium,
1582 1449 1609 1507 ut

454 1554 573 1615 contra
593 1551 659 1614 ianr
683 1548 762 1613 inde
785 1549 826 1612 ab
849 1548 1095 1632 antiquissimis
1117 1549 1326 1631 temporibus
1348 1548 1513 1614 vocabula
1534 1550 1610 1612 certe

421 1720 424 1724 ,
457 1653 599 1737 περίοδος
622 1655 654 1717 91
676 1651 808 1734 adhud)
831 1671 897 1715 una
921 1651 956 1715 in
980 1652 1106 1716 scholis
1122 1653 1260 1717 musicis
1276 1652 1492 1717 Doriensium
1515 1651 1609 1716 honri·
1681 1674 1682 1685 ¹

455 1776 534 1820 num
564 1756 757 1820 circumlata
786 1755 862 1819 sint.
915 1755 994 1818 Inde
1022 1757 1189 1820 fluxerunt
1217 1760 1249 1820 et
1278 1756 1312 1820 in
1340 1759 1446 1820 artem
1479 1754 1611 1819 rhetori·

455 1859 558 1942 cam²)
582 1864 614 1923 91
637 1859 671 1922 in
696 1859 906 1940 disciplinam
929 1860 1111 1924 metricam.
1155 1860 1269 1943 Neque
1293 1880 1332 1924 ea
1356 1864 1427 1924 tum
1449 1859 1559 1923 inerat
1583 1858 1612 1919 iu

455 1965 519 2028 hoc
541 1963 703 2026 vocabulo
726 1962 788 2045 vis,
812 1982 896 2045 quae
927 1963 961 2026 in
991 1963 1177 2028 carminum
1205 1962 1237 2041 ἐξ
1266 1960 1380 2048 ὁμοίων
1408 1964 1613 2026 enarratione

457 2067 617 2145 occurrit,
648 2067 705 2130 sed
736 2086 805 2130 non
836 2085 932 2130 secus
961 2069 1060 2149 atque
1090 2087 1129 2131 eo
1160 2067 1201 2130 de
1229 2087 1294 2150 quo
1320 2065 1518 2130 disserimus
1548 2066 1612 2128 loco

458 2169 654 2252 significavit
677 2167 795 2253 μέτρων
817 2165 1001 2255 συναγωγήν
1016 2171 1068 2234 191
1085 2171 1298 2252 stropharum
1315 2168 1484 2250 quoddam
1500 2188 1614 2250 genum
1681 2232 1682 2243 ,

454 2274 641 2356 quodcum
665 2292 706 2336 ex
728 2272 803 2336 aliis
827 2272 926 2336 rebus
949 2276 1019 2338 tunr
1043 2291 1084 2336 ex
1114 2275 1188 2338 colo
1212 2272 1368 2356 opposito
1397 2273 1616 2354 cognoscitur.
1681 2274 1682 2277 ’

455 2379 498 2441 111
531 2375 595 2440 alia
623 2375 786 2453 omittam,
815 2375 898 2439 haec
931 2370 1077 2459 περιόδου
1112 2377 1206 2441 notio
1240 2376 1504 2459 deprehenditur
1533 2373 1617 2458 apud

456 2479 652 2562 Dionysium
668 2479 986 2543 Halicarnasensem
1003 2479 1037 2542 in
1060 2479 1148 2558 libri,
1172 2480 1227 2562 qui
1243 2485 1296 2544 est
1311 2480 1352 2543 de
1375 2479 1617 2561 compositione

454 2584 642 2659 verborum,
661 2602 731 2665 cap.
753 2582 798 2646 19.
816 2583 866 2646 15.
883 2582 924 2646 16
947 2582 992 2664 (p.
1015 2583 1075 2647 161
1091 2604 1158 2665 sq.;
1182 2583 1260 2662 3843
1281 2584 1345 2648 418
1369 2582 1419 2647 911.
1437 2583 1617 2662 Schaeferl,

455 2689 544 2752 etin
569 2689 650 2764 eius,
675 2707 772 2769 quem
798 2686 933 2768 scripsit
957 2686 998 2749 de
1020 2687 1052 2751 vi
1069 2686 1201 2751 dicendi
1217 2687 1467 2761 Demosthenis
1491 2707 1566 2769 cap.
1581 2686 1618 2748 50

455 2791 596 2871 (191111
629 2811 659 2872 p.
687 2791 777 2866 1110,
815 2790 928 2871 lsqq.
964 2788 1014 2852 ed.
1048 2789 1194 2873 Reiske).
1238 2790 1290 2852 De
1323 2789 1471 2853 metricis
1507 2790 1617 2854 latinis

454 2895 508 2975 (cf.
532 2896 584 2958 GL
610 2894 647 2957 Vl
670 2913 701 2975 p.
726 2894 776 2970 59,
802 2892 830 2956 7.
854 2893 926 2969 195,
950 2893 983 2973 9)
1007 2891 1093 2955 infra
1115 2890 1253 2975 agam,³)
1275 2912 1388 2957 verum
1413 2912 1454 2956 ne
1476 2894 1535 2957 ille
1551 2893 1619 2975 qui·

456 2998 531 3061 dem
567 2996 711 3078 scriptor·
745 2996 843 3059 nobis
878 2995 982 3073 deest,
1013 2996 1079 3078 qui,
1109 3015 1184 3058 cum
1212 3016 1300 3059 nunc
1330 2996 1464 3079 quidem
1487 3001 1619 3079 praeter

455 3099 713 3180 Hephaestionis
738 3097 960 3162 enchiridium
984 3099 1076 3163 solus
1092 3099 1283 3163 universam
1299 3099 1489 3163 doctrinam
1505 3098 1620 3164 metri·

456 3222 529 3265 cam
552 3221 671 3285 graeco
692 3221 847 3265 sermone
866 3202 1026 3265 continuo
1043 3202 1243 3265 illustratam
1266 3204 1435 3283 praebeat,
1462 3204 1499 3265 in
1522 3222 1620 3265 voca·

451 3305 538 3369 bulis
566 3306 779 3388 potissimum
804 3304 1023 3369 sollemnibus
1053 3305 1174 3369 summi
1203 3325 1336 3388 semper
1364 3306 1529 3370 momenti
1561 3311 1620 3372 est.

452 3409 618 3473 Aristides
642 3407 879 3484 Quintilianus.
925 3408 1621 3491 1199999919]Α1ἰε111199,9919μ.37,6
1681 3429 1682 3432 ’

453 3511 517 3592 (ed.
540 3511 639 3592 Jahn)
671 3510 705 3573 τὸ
736 3510 772 3574 ἐκ
795 3510 914 3596 μέτρων
942 3512 1092 3595 elapsae,
1120 3508 1263 3597 σύστημα
1297 3512 1464 3577 nominari
1497 3512 1623 3596 ποίημα
1681 3581 1682 3594 2

453 3615 588 3691 diceret,
618 3634 692 3679 eam
722 3614 804 3678 artis
833 3615 1016 3692 notionem,
1046 3636 1130 3698 quae
1158 3618 1192 3679 in
1222 3616 1464 3681 commentario
1488 3616 1531 3681 de
1556 3636 1623 3699 quo
1681 3625 1682 3630 ’

454 3718 562 3800 agitur
596 3718 694 3795 inest,
729 3718 892 3782 vocabulo
927 3714 1070 3802 σύστημα
1094 3720 1279 3784 subiectam
1302 3740 1377 3784 esse
1409 3720 1525 3797 voluit,
1563 3719 1623 3783 sed

453 3820 535 3885 illud
569 3821 676 3884 solum
714 3819 885 3885 denotavit
918 3816 1078 3905 ποιήματα
1107 3826 1263 3887 constare
1296 3821 1546 3905 (συνεστηκέναι)
1584 3844 1624 3887 91
1681 3805 1682 3824 ¹

452 3924 579 4001 metris,
608 3943 677 3987 non
706 3944 802 3988 secus
832 3928 931 4006 atque
959 3929 1058 3990 antea
1087 3925 1246 3990 docuerat
1269 3930 1375 3990 metra
1398 3929 1558 3990 constare
1583 3947 1624 3989 ex
1681 3967 1682 3978 .

542 4182 559 4251 ¹)
577 4182 671 4248 κόμμα
698 4182 780 4249 paulo
809 4182 985 4237 festinantius
1010 4184 1082 4251 apud
1106 4184 1220 4237 Suidam
1242 4201 1267 4236 v.
1290 4182 1468 4250 Θρασύμαχος
1495 4182 1627 4238 inserere

452 4269 538 4323 voluit
556 4268 722 4321 Fritzschius
741 4268 768 4321 in
786 4268 900 4321 Luciani
920 4286 982 4337 opp.
1002 4270 1066 4322 edit.
1085 4270 1227 4338 (Rostoch.
1248 4270 1323 4338 1882)
1341 4270 1475 4323 1911111
1493 4286 1520 4339 p.
1532 4270 1628 4327 XCII:

453 4356 486 4410 cf.
506 4356 624 4411 eundem
643 4356 677 4407 119
696 4355 816 4408 numeris
835 4356 970 4409 orationis
989 4356 1097 4409 solutae
1115 4356 1258 4425 (Rostocb.
1278 4358 1355 4422 1875)
1373 4374 1400 4425 p.
1419 4356 1434 4407 7
1453 4372 1515 4424 sqq.

538 4459 560 4529 ¹)
579 4476 603 4513 v.
623 4458 697 4513 Suid.
717 4460 733 4513 l.
754 4477 775 4513 c.

537 4563 558 4631 ⁸)
577 4564 611 4616 cf.
630 4564 712 4617 etiam
731 4565 843 4618 Festum
862 4582 883 4616 s
903 4581 928 4618 v.
947 4565 1105 4633 perihodos.
