3459 5200
777 387 820 454 55

275 581 341 647 Sed
364 580 602 648 versificatores
625 579 797 666 Byuantiui
822 601 881 648 eas
904 601 987 666 quas
1011 589 1193 649 statuerunt
1211 581 1414 667 grammatici

181 687 357 774 Byzantini
380 688 472 771 leges
495 687 755 754 animadvertere
784 687 1045 772 supersederunt.
1092 688 1320 756 Incredibilem
1346 688 1414 756 lere

182 794 345 861 vocalium
368 799 450 855 All
473 795 623 874 abosum,
653 813 748 879 quem
771 794 1010 862 versificatores
1037 796 1263 882 admittebant,
1291 796 1414 864 diserte

182 901 318 985 agnovit
340 907 455 967 auctor
477 920 656 986 anonymus
671 907 828 967 tractatus
843 901 1010 968 cniusdam
1026 903 1161 988 metrici,
1186 923 1282 987 qoem
1296 903 1412 970 Stude·

183 1007 282 1074 mnnd
317 1007 352 1074 in
385 1009 445 1074 An.
478 1008 552 1073 Var.
586 1009 603 1072 Ι
638 1009 700 1075 192
716 1028 785 1092 sqq.
823 1007 927 1074 edidit
962 1029 1040 1076 usus
1077 1008 1244 1076 codicibus
1279 1008 1414 1076 Venetis

182 1115 358 1182 Marcianis
385 1116 452 1182 483
485 1118 585 1195 (saec.
606 1115 698 1194 XIV)
726 1122 759 1180 et
785 1115 842 1199 XI,
865 1117 907 1182 31
938 1118 1038 1197 (saec.
1061 1115 1138 1182 XIV
1167 1116 1339 1200 ineuntis);
1371 1116 1413 1183 cl.

183 1222 203 1288 l.
226 1223 247 1287 l.
270 1242 301 1306 p.
328 1223 401 1307 194,
426 1224 442 1287 1
478 1224 568 1287 πάλιν
591 1221 651 1287 ἀπὸ
674 1229 736 1287 τῶν
760 1221 782 1296 ζ
805 1227 976 1310 φωνηέντων
999 1228 1180 1310 γραμμάτων
1202 1228 1237 1289 τὸ
1259 1231 1285 1286 A
1305 1227 1359 1288 καὶ
1380 1227 1414 1290 τὸ

182 1338 196 1392 Ι
219 1332 329 1395 καὶτὸ
352 1332 374 1387 Υ
396 1332 576 1414 ιτιχχάνοοσι
598 1329 730 1415 δίχρονα.
777 1329 901 1415 δίχρονα
927 1331 960 1394 δὲ
982 1332 1106 1413 λέγεται,
1135 1333 1208 1396 διατι
1234 1329 1414 1396 caestuum

180 1440 235 1502 καὶ
258 1437 475 1510 σιοτέλλονται,
498 1438 664 1500 καὶταῦτα
683 1437 720 1500 τὰ
733 1439 799 1519 τρία
812 1435 940 1522 δίχρονα
962 1433 994 1500 οἱ
1016 1439 1256 1523 οτιχοπλόκοι
1274 1437 1414 1522 δέχονται

180 1546 236 1608 καί
266 1543 310 1615 ὡς
336 1544 452 1628 βραχέα
478 1544 531 1605 καὶ
561 1542 603 1614 ὡς
631 1545 744 1628 μακρά,
773 1539 834 1607 οἷον
863 1539 963 1623 ἅγιος·
991 1547 1028 1608 τὸ
1056 1539 1107 1608 οὖν
1130 1552 1154 1604 A
1177 1546 1230 1607 καὶ
1256 1547 1292 1608 τὸ
1319 1552 1333 1606 1
1357 1539 1415 1608 slot

179 1652 323 1736 δίχρονα·
347 1646 398 1714 ἐὰν
421 1643 472 1712 οὖν
495 1649 603 1732 θέλῃς,
627 1649 703 1734 δέχῃ
726 1651 779 1712 καὶ
802 1651 841 1712 τὰ
863 1648 917 1713 cco
940 1646 983 1721 ὡς
1006 1653 1119 1736 μακρά,
1148 1647 1168 1735 ἢ
1191 1653 1300 1735 τὸμὲν
1323 1655 1348 1708 A
1371 1647 1414 1721 ὡς

180 1759 289 1842 βραχὺ,
314 1759 347 1820 rb
371 1755 402 1819 δὲ
425 1758 459 1812 ΓΙ
483 1753 526 1828 ὡς
548 1759 674 1842 μακρόν,
698 1751 718 1836 ἢ
741 1757 777 1819 τὸ
801 1763 825 1816 A
848 1753 891 1828 ὡς
914 1761 1040 1841 μακρόν,
1066 1757 1101 1820 τδ
1125 1757 1157 1820 δέ
1179 1759 1214 1813 ΓΙ
1237 1754 1279 1828 ὡς
1303 1758 1412 1842 βραχὺ,

180 1862 203 1949 ἢ
224 1867 278 1928 καὶ
299 1865 338 1927 τὰ
361 1863 412 1927 δὺο
435 1867 468 1928 τό
491 1885 524 1927 τε
543 1873 568 1925 A
591 1865 644 1927 καὶ
666 1865 701 1926 τὸ
726 1867 760 1921 ΓΙ
784 1859 827 1934 ὡς
850 1863 977 1948 βραχέα
1017 1860 1066 1930 Of.
1091 1862 1190 1928 etiam
1211 1882 1243 1947 ρ.
1261 1864 1335 1947 194,
1362 1863 1412 1928 13.

184 1971 235 2037 14.
261 1970 402 2035 20-91.

271 2075 375 2141 Huius
399 2080 558 2141 tractatus
582 2080 694 2140 auctor
717 2073 799 2138 vixit
822 2080 899 2139 ante
922 2073 1087 2140 saeculum
1109 2094 1141 2159 ρ.
1163 2073 1220 2142 Cb.
1234 2074 1323 2160 XIV,
1347 2095 1411 2158 quo

179 2181 312 2248 codices
339 2181 386 2247 illi
414 2181 571 2248 Marciani
600 2181 712 2266 scripti
740 2190 829 2266 suut,
862 2181 922 2248 sed
949 2190 1025 2266 post
1052 2180 1245 2249 bliobaelem
1267 2182 1412 2250 Psellum

181 2288 202 2357 i.
218 2309 246 2356 e.
271 2298 346 2375 post
369 2290 535 2356 saeculum
548 2309 581 2373 p.
597 2287 654 2353 Ob.
671 2287 733 2365 XI3
762 2308 835 2352 nam
859 2289 973 2354 citavit
995 2287 1054 2356 ll
1077 2310 1111 2374 p.
1130 2292 1411 2375 193‚10versnm

453 2399 560 2484 μαθὼν
583 2399 617 2461 τὸ
641 2401 744 2482 μέτρον
767 2392 882 2483 adcon<
904 2397 998 2461 πλέκε
1021 2399 1140 2482 στίχοις

178 2503 235 2588 qni
264 2509 371 2570 exstat
399 2503 432 2568 in
460 2503 550 2568 exitu
578 2501 729 2568 carminis
758 2500 914 2567 Pselliani
946 2506 1096 2587 περὶτοῦ
1123 2500 1265 2590 ὶαμβικοῦ
1293 2508 1410 2589 μέτρω,

178 2610 267 2696 qnod
291 2609 394 2677 edidit
416 2610 454 2675 A.
478 2608 595 2677 Nauck
619 2610 653 2673 in
675 2607 847 2694 Melanges
871 2608 1126 2692 greco-romains
1148 2608 1213 2678 vol
1237 2610 1270 2674 Π
1291 2630 1324 2695 ρ.
1344 2611 1411 2677 492

181 2716 359 2803 (Petrcpoli
385 2717 484 2800 1864)
516 2735 595 2782 usos
623 2714 737 2781 codice
765 2714 906 2798 quodam
934 2715 1196 2800 Hilterdingiano
1226 2718 1326 2796 (saec.
1348 2715 1409 2780 XV

179 2830 308 2889 exeunt.
332 2823 385 2889 vel
409 2842 494 2889 saec.
518 2821 595 2887 XVI
617 2822 793 2903 ineunt.).¹)

269 2946 372 3013 Unius
399 2944 496 3012 modo
519 2945 645 3012 vocalis
671 2954 694 3007 A
724 2944 854 3029 generis
877 2965 1028 3012 mensura
1051 2953 1118 3011 tam
1141 2952 1231 3013 certa
1253 2946 1410 3032 firmaque

179 3051 351 3119 videbatur
374 3072 456 3136 esse,
481 3059 517 3118 ut
538 3052 625 3118 idem
650 3060 764 3118 auctor
786 3071 968 3137 anonymus
991 3072 1062 3118 eam
1086 3072 1145 3139 pro
1164 3054 1300 3139 ancipiti
1318 3074 1409 3120 usur·

178 3159 251 3244 pari
279 3167 419 3244 vetaret,
452 3158 526 3225 dico
559 3158 774 3242 quantitatem
807 3158 932 3225 vocalis
959 3168 994 3245 A,
1025 3179 1123 3243 qnam
1156 3160 1320 3227 continent
1345 3168 1408 3227 ter·

179 3266 376 3334 minationes
399 3266 543 3349 genetivi
567 3273 600 3331 et
623 3264 724 3331 dativi
749 3265 925 3349 singularis
949 3265 1177 3333 declinationis
1204 3267 1340 3353 primam
1369 3267 1409 3334 cf.

178 3372 200 3441 l.
225 3372 246 3441 l.
270 3393 301 3457 p.
320 3374 393 3458 194,
409 3374 450 3439 31
474 3368 495 3460 ἡ
518 3376 620 3459 γενικὴ
643 3376 697 3438 καί
718 3368 739 3460 ἡ
763 3374 863 3459 δοτικὴ
888 3370 935 3437 ἀτί
957 3393 1032 3439 ποτε
1054 3372 1233 3439 ἐκτείνεται·
1257 3372 1409 3440 ὥστεκαὶ

178 3477 223 3552 τίς
254 3484 307 3564 τὴν
340 3486 483 3567 τετάρτην
514 3484 618 3567 χώραν
650 3482 709 3562 (sc.
737 3488 791 3544 roo
818 3476 940 3566 ίάμβαι)
972 3476 998 3545 τί
1024 3485 1119 3557 πέσοι,
1151 3478 1274 3546 ἐκτείνει
1301 3478 1408 3569 αὐτήν·

176 3583 291 3673 ὁμοίως
312 3590 366 3651 καὶ
387 3583 431 3659 τίς
452 3590 505 3673 τίρν
528 3588 661 3671 δεοτέραν
686 3588 744 3668 (sc.
760 3594 814 3651 τοῦ
836 3582 947 3673 ἰάμβου
966 3584 1098 3673 χώραν),
1121 3585 1165 3651 ad
1180 3606 1277 3671 quam
1290 3587 1408 3654 doctri·

177 3712 253 3757 nam
275 3692 437 3777 pertinent
458 3693 567 3771 verba,
592 3712 677 3775 quae
700 3698 892 3774 sequuntur:

267 3799 435 3886 σρμείιοοαι
464 3801 496 3865 δὲ
521 3802 575 3865 καὶ
600 3808 702 3883 τοῦτο,
730 3796 777 3863 δτι
804 3795 824 3885 ἡ
852 3800 953 3884 δοτικὴ
976 3799 1026 3864 διὰ
1048 3809 1166 3887 μακροῦ
1190 3798 1349 3888 ἐκφέρεται
1374 3799 1407 3867 ἐν

176 3905 398 3993 cicestriensi
422 3906 457 3988 (ἰ.
482 3926 510 3971 e.
534 3907 809 3993 ορκο1“ῃ)ιτίχῃ·
834 3901 896 3970 οἷον

391 4022 427 4099 τί
453 4024 576 4099 μοιτί
598 4018 719 4099 νέοιτο
743 4015 859 4100 μικρὸν
881 4008 974 4099 ὕννιν
995 4010 1107 4097 aaa·

176 4122 210 4184 τὸ
232 4130 293 4204 κρᾷ
316 4122 430 4205 μακρὸν
454 4120 502 4183 διὰ
523 4122 580 4205 τὴν
602 4120 721 4205 δοτικὴν
743 4118 896 4201 clostat-¹)

269 4294 290 4362 ¹)
309 4296 420 4362 Versus,
439 4296 474 4353 de
492 4313 547 4365 quo
565 4295 669 4366 agitur,
695 4296 812 4351 omissus
835 4295 928 4351 estin
945 4294 1086 4351 codicibus
1104 4295 1286 4351 Ambrosiano
1309 4296 1335 4351 A
1354 4298 1407 4353 119

174 4382 233 4439 ord.
257 4402 316 4454 sup.
344 4382 426 4451 (saec.
443 4384 495 4440 XV
513 4388 563 4442 aut
579 4384 663 4451 XVI),
691 4384 859 4439 Barocciano
884 4385 936 4439 126
962 4383 1042 4452 (saec
1065 4383 1132 4438 XVI
1153 4383 1280 4453 Ineunt),
1303 4385 1406 4441 Vindo-

175 4473 291 4529 bonsnsi
305 4473 390 4529 theol.
405 4492 446 4545 gr.
462 4474 514 4529 287
533 4474 613 4542 (saec.
624 4473 694 4540 XV),
713 4472 813 4543 quibus
827 4491 893 4529 usus
906 4472 1080 4529 Studemund
1096 4471 1171 4527 idem
1189 4490 1300 4528 carmen
1318 4472 1407 4530 edidit

175 4560 206 4617 in
219 4562 273 4617 An.
286 4563 352 4618 Var.
367 4564 380 4618 I
396 4564 448 4619 198
457 4581 498 4633 sq.
525 4562 566 4619 cf.
581 4562 815 4618 Hoerschelmann
828 4562 858 4616 in
872 4562 1016 4633 Goetting.
1030 4561 1086 4633 gel.
1098 4562 1165 4616 Ana.
1179 4580 1204 4618 a.
1219 4562 1288 4618 1887
1307 4581 1334 4633 p.
1343 4564 1406 4619 613.

268 4647 290 4719 ²)
308 4650 440 4707 Consulto
459 4655 624 4721 usurpatum
638 4654 681 4707 est
694 4650 808 4706 verbum
821 4650 915 4721 χίνιται
927 4668 978 4721 pro
990 4646 1067 4714 δοτίνς
1085 4668 1154 4706 nam
1166 4668 1261 4706 omnes
1274 4652 1406 4722 syllabas,
