3459 5200
807 420 850 483 99

305 610 355 675 Ex
378 612 612 698 Aeschyleis
636 613 814 697 tragoediis
828 614 1003 681 Triclinius
1018 635 1083 681 non
1097 615 1200 681 solum
1215 616 1439 685 Prometheum

218 717 348 802 Septem
369 718 499 804 Persas,
524 740 605 802 quas
621 719 749 787 fabulas
762 721 935 805 Byzantini
958 722 1105 805 magistri
1128 723 1319 789 lectitabant
1341 732 1439 810 atque

216 824 523 908 interpretabantur,
553 828 764 912 amplioribus
792 830 1031 894 commentariis
1057 828 1219 905 instruxit,
1252 830 1312 896 sed
1342 832 1442 899 etiarn

217 931 266 998 eis
288 932 477 1017 tragoediis,
502 953 586 1016 quae
599 941 668 1000 tum
680 952 754 1000 raro
768 934 1000 1019 tractabantur,
1017 935 1267 1018 Agamemnonis
1281 945 1314 1003 et
1326 938 1441 1006 Eume·

217 1036 338 1121 nidum,
367 1038 570 1123 explicandis
598 1059 730 1125 operam
758 1040 862 1121 dedit3
896 1040 1156 1126 choephororum
1189 1050 1222 1109 et
1253 1043 1441 1130 Supplioum

162 1224 165 1229 .
217 1143 358 1229 fabulae,
382 1145 534 1229 quoniam
557 1146 738 1231 Byzantina
766 1156 877 1213 aetate
904 1147 1075 1230 neglectae
1102 1148 1264 1234 iacebant,
1294 1171 1399 1236 neque
1422 1174 1444 1219 a

217 1253 382 1320 Demetrio
406 1254 560 1321 Triclinio
583 1274 688 1338 neque
711 1275 733 1321 a
755 1254 882 1321 Tboma
903 1255 1061 1339 Magistro
1085 1264 1256 1323 enarratae
1284 1267 1360 1324 sunt
1387 1258 1442 1346 (of.

218 1360 302 1425 (suit
326 1360 470 1427 Diudorl
487 1361 521 1427 in
544 1361 706 1446 Philologi
730 1363 792 1428 rol.
814 1363 879 1428 XX
901 1384 933 1447 p.
949 1364 1014 1431 385
1029 1362 1102 1450 sq.).
1146 1364 1226 1431 illas
1249 1364 1378 1433 fabulas
1402 1388 1442 1434 ex

216 1467 405 1534 recensione
428 1475 526 1552 atque
549 1488 622 1535 cum
645 1468 776 1535 scholiis
799 1469 946 1535 Triclinii
974 1470 1118 1537 continet
1144 1470 1248 1537 codex
1271 1472 1442 1540 Parnesia·

217 1592 277 1639 uus
301 1574 512 1659 bombycinus
539 1574 614 1639 111.
639 1578 670 1654 5,
703 1595 766 1659 quo
794 1596 874 1641 usus
903 1576 987 1641 Guil.
1011 1576 1156 1643 Dindorf
1184 1578 1307 1663 primus
1340 1579 1444 1646 edidit

217 1680 363 1747 Triclinii
387 1680 512 1749 scholia
535 1681 567 1747 in
581 1683 853 1765 Agamemnonem
877 1683 912 1748 iu
935 1682 1094 1767 Philologi
1117 1684 1181 1749 vol.
1196 1685 1261 1749 XX
1274 1688 1440 1772 530555.

218 1792 250 1853 et
273 1787 397 1853 scholia
420 1788 453 1853 in
477 1789 607 1874 Septem
630 1788 664 1854 in
687 1788 849 1873 Philologi
872 1788 935 1854 vol.
959 1788 1039 1855 XXI
1061 1811 1093 1875 p.
1120 1793 1183 1857 193
1207 1811 1276 1875 sqq.

306 1892 430 1961 Eodem
453 1895 520 1963 fere
543 1903 686 1981 tempore
710 1896 817 1961 omnia
840 1896 874 1961 in
897 1898 1171 1981 Agamemnonem
1201 1898 1334 1979 scholia,
1359 1922 1443 1985 quae

218 1998 331 2067 codiee
353 2000 554 2068 Famesiano
576 2003 751 2069 memoriae
774 2002 896 2069 tradita
919 2010 995 2069 sunt
1028 2002 1061 2081 (i.
1085 2023 1113 2071 e.
1137 2003 1284 2069 Triclinii
1307 2006 1443 2092 scholia,

218 2126 303 2190 quae
325 2107 476 2175 lemmate
498 2106 640 2196 ἡμέτερον
663 2116 828 2194 notantu13
853 2112 966 2197 σχόλια
983 2111 1107 2188 παλαιά,
1131 2130 1216 2193 quae
1239 2119 1314 2177 sunt
1336 2112 1443 2199 impri-

217 2214 279 2281 mis
303 2215 448 2284 Thomas
462 2217 610 2301 Magistri
634 2216 772 2293 scholia;
797 2217 932 2283 aliorum
956 2216 1096 2301 scholia3
1121 2217 1273 2303 glossas),
1287 2220 1375 2304 typis
1390 2241 1443 2286 ex-

217 2322 387 2407 primenda
411 2325 535 2390 curavit
557 2325 582 2389 Ι.
598 2326 636 2389 A.
652 2325 687 2391 0.
704 2345 767 2389 rau
783 2322 914 2391 Heusde
928 2324 962 2389 in
976 2323 1179 2409 Aeschyleac
1193 2326 1444 2408 Agamemnonis

219 2428 361 2496 editione
393 2432 523 2515 (Hagae
556 2431 714 2497 Comitum
737 2451 767 2495 a.
791 2432 902 2515 1864).
953 2431 1047 2496 Hanc
1075 2429 1268 2497 scholiorum
1296 2433 1330 2497 in
1357 2433 1444 2516 Aga·

218 2557 418 2604 memnonem
442 2536 617 2606 editionem
640 2538 668 2606 si
691 2530 933 2624 comparaveris
956 2557 1027 2604 cum
1045 2535 1259 2604 Dindorliana
1281 2538 1444 2624 Philologi

218 2647 280 2712 vol.
304 2646 367 2712 XX
390 2669 421 2732 p.
449 2649 490 2714 16
514 2665 583 2730 sqq.
606 2648 651 2712 30
673 2666 743 2730 sqq.
767 2645 892 2731 publici
914 2645 993 2712 iuris
1016 2645 1114 2722 laeta,
1139 2644 1343 2713 confiteberis
1366 2647 1443 2712 Diu·

220 2751 399 2819 dorfianam
422 2759 516 2820 caute
539 2751 760 2838 usurpandam
789 2771 872 2819 esse.
919 2750 1108 2818 Dindorlius
1137 2753 1221 2818 enim
1248 2772 1312 2817 non
1340 2753 1443 2820 solum

220 2859 353 2940 scholia,
378 2878 461 2943 qnae
484 2858 634 2942 leguntur
655 2859 688 2924 in
711 2857 825 2925 codice
852 2858 1063 2943 Famesiano,
1095 2857 1184 2923 baud
1210 2879 1317 2944 pauca
1343 2859 1444 2926 tacite

220 2967 336 3044 omisit,
372 2965 431 3033 sed
465 2966 561 3032 ctiam
594 2967 703 3053 σχόλια
733 2969 851 3032 παλαιά
881 2965 1167 3048 neglegentissime
1190 2985 1211 3029 a
1233 2966 1443 3034 Triclinianis

221 3073 353 3141 scholiis
376 3073 503 3138 divisit:
528 3071 705 3138 identidem
728 3071 853 3139 scholia
877 3071 1085 3156 Tricliniana‚
1117 3072 1234 3156 quibus
1267 3073 1300 3138 iu
1331 3073 1444 3139 codice

219 3181 419 3248 Faruesiano
441 3181 560 3246 lemma
583 3177 724 3267 ἡμέτερον
746 3178 944 3263 adscriptum
968 3187 1028 3263 est,
1052 3179 1135 3244 inter
1158 3197 1199 3243 ea
1218 3178 1344 3244 scholia
1358 3200 1443 3263 quae

220 3291 331 3376 σχόλια
353 3292 469 3354 παλαιά
492 3306 565 3355 5555
588 3287 661 3372 ipso
686 3285 798 3352 codice
820 3284 1021 3352 Famesiano
1046 3284 1252 3351 confirmatur
1277 3287 1366 3371 typis
1390 3307 1442 3352 ex-

219 3395 340 3482 pressit
368 3403 401 3462 et
422 3414 518 3460 versa
542 3393 623 3479 rice,
651 3393 751 3460 veluti
779 3390 892 3461 soboli.
915 3390 959 3457 ad
982 3393 1098 3475 Agam.
1121 3413 1152 3457 v.
1176 3394 1222 3458 50
1243 3391 1295 3457 cd.
1320 3393 1442 3461 Heusd.

219 3503 270 3588 [ε
297 3504 340 3568 49
370 3501 420 3566 ed.
444 3499 564 3584 Dindl.
598 3502 663 3568 558
691 3500 742 3584 [=
769 3499 858 3583 6011.
893 3498 1032 3582 8521:
1058 3497 1145 3582 9281.
1179 3500 1243 3566 811
1269 3500 1320 3584 [==
1346 3501 1444 3584 948];

220 3609 305 3676 idem
329 3609 460 3693 saepius
484 3607 608 3674 scholia
631 3606 831 3672 Tricliniana
854 3612 888 3672 ct
910 3608 1021 3692 σχόλια
1042 3607 1167 3682 παλαιά,
1192 3624 1277 3687 quae
1300 3605 1344 3670 ad
1368 3627 1443 3674 eun·

220 3716 294 3782 dem
320 3715 453 3782 fabulae
478 3733 607 3780 versum
639 3713 819 3779 referuntur
850 3720 884 3778 et
916 3712 948 3776 in
982 3710 1094 3778 codice
1125 3710 1326 3778 Famesiano
1357 3715 1444 3780 uotis

220 3824 379 3910 appositis
403 3821 565 3888 disiuncta
588 3828 672 3905 sunt,
696 3821 794 3886 tacite
818 3819 990 3887 coniuncta
1018 3817 1131 3902 edidit,
1160 3818 1259 3884 veluti
1288 3819 1443 3888 Triclinio

220 3931 331 3997 tribuit
363 3928 474 3996 scholl.
505 3927 548 3993 ad
577 3929 690 4011 Agam.
715 3947 745 3994 v.
770 3929 837 3994 280
860 3924 911 3991 ed.
935 3924 1057 3991 Heusd.
1082 3925 1133 4008 [=
1160 3927 1225 3992 306
1249 3924 1299 3995 ed.
1322 3924 1443 4010 Dind.].

220 4040 286 4105 496
310 4037 360 4121 [=
379 4032 466 4123 5421.
489 4036 555 4102 655
579 4035 630 4119 [=-
650 4034 734 4119 7111.
757 4034 906 4100 —Item
929 4033 1046 4099 erroris
1068 4032 1168 4117 plena
1190 4040 1274 4116 sunt,
1299 4053 1384 4116 quae
1402 4032 1443 4099 de

220 4144 343 4212 codicis
356 4142 548 4208 Famesiani
563 4143 577 4207 Ι
594 4141 665 4209 Ε.5
688 4141 883 4208 auctoritate
897 4138 1086 4206 Dindoriius
1108 4138 1229 4222 aliique
1251 4138 1443 4205 docuerunt:

220 4253 358 4338 abipso
381 4249 536 4316 'triclinio
560 4249 644 4315 hunc
672 4247 817 4315 codicem
850 4247 1004 4333 scriptum
1037 4266 1111 4313 esse
1142 4245 1349 4312 contendunt.
1394 4249 1444 4312 Ao

220 4360 342 4446 primus
371 4357 500 4442 quidem
528 4356 672 4423 codicem
699 4356 934 4422 Famesianum
956 4353 972 4418 1
995 4354 1031 4419 Ε.
1057 4356 1078 4420 5
1106 4352 1342 4438 autographum
1370 4373 1443 4420 esse

221 4466 407 4533 dubitanter
421 4464 605 4550 suspicatus
620 4471 671 4531 est
685 4463 855 4529 Pasobalis
871 4461 1004 4546 Balbus,
1025 4461 1080 4545 qui
1096 4461 1130 4526 in
1144 4460 1288 4528 Harlesii
1302 4459 1444 4527 editione

221 4573 437 4640 bibliothecae
460 4571 607 4638 Graecae
629 4570 844 4636 Fabricianae
866 4578 943 4636 tom.
961 4569 989 4633 V
1011 4590 1043 4653 p.
1065 4571 1128 4635 116
1153 4588 1200 4651 sq.
1225 4566 1370 4633 codicem
1393 4566 1445 4634 his

221 4682 329 4748 verbis
352 4679 539 4764 descripsit:
577 4678 647 4762 ‚Nn
671 4679 723 4744 33.
768 4675 922 4761 Aeschyli
947 4673 1134 4764 Προμηθεὺς
1156 4675 1320 4761 δεσμώτης,
1346 4671 1446 4740 Ἑπτὰ

1251 4799 1287 4852 71
