3459 5200
927 376 969 440 74

331 591 450 658 weiter
479 589 687 673 ausgeffihrt.
734 591 807 657 Von
836 590 890 656 ihr
919 592 1033 658 wurde
1063 592 1117 658 die
1146 593 1331 660 kosmische
1363 595 1575 678 Bedeutung

333 700 392 766 der
408 698 588 765 Adrasteia
609 718 647 764 so
663 698 842 782 erweitert‚
868 700 945 765 dass
969 698 1018 765 sie
1034 700 1256 766 thatsachlich
1279 702 1330 767 als
1355 702 1408 767 die
1429 704 1573 768 obeffite

333 806 487 873 Gottheit
509 804 589 889 gilt3
618 804 666 871 sie
688 805 855 890 vereinigt
878 806 912 873 in
936 806 1005 873 sich
1029 807 1095 873 alle
1118 807 1270 892 Gesetze,
1296 808 1349 875 die
1372 809 1572 877 weltliehen

333 915 400 981 und
423 913 476 980 die
498 912 785 995 fiberweltlichen3
819 933 879 980 vor
911 914 970 980 der
994 914 1171 999 Wohnung
1201 916 1259 982 der
1282 916 1391 982 Nacht
1420 916 1571 999 sitzend‚

332 1020 426 1106 giebt
448 1022 512 1104 sie,
536 1021 700 1104 Kymbeln
722 1021 917 1105 schlagend,
942 1022 1029 1087 allen
1053 1021 1196 1089 Gssttern
1220 1022 1425 1108 Satzungen,
1454 1026 1571 1091 denen

333 1129 487 1196 niemand
518 1128 725 1195 ausweichen
754 1128 884 1214 kann.¹)
931 1129 1004 1213 Vgl.
1037 1128 1190 1197 Hermias
1212 1136 1260 1197 'zu
1290 1130 1388 1197 Plato
1418 1132 1570 1198 Phaedr.

332 1258 364 1321 p.
391 1238 454 1304 148
479 1236 577 1322 (Abel
598 1236 740 1319 Orphica
763 1236 885 1320 Theog.
922 1236 1018 1320 figm.
1044 1238 1107 1304 109
1131 1256 1161 1303 ιι.
1189 1238 1282 1324 110);
1317 1236 1361 1305 Ἡ
1380 1238 1417 1306 δέ
1439 1236 1571 1329 Ἀδρά-

332 1368 426 1411 στεια
449 1343 511 1428 μία
534 1341 606 1410 ἐστὶ
627 1344 684 1409 καί
706 1341 790 1432 αὕτη
814 1342 896 1421 θεὸς
924 1348 991 1410 τῶν
1013 1347 1181 1429 μενουσῶν
1205 1343 1239 1410 ἐν
1268 1350 1308 1433 τῇ
1331 1347 1446 1425 Νυκτί,
1469 1370 1569 1432 γενο-

330 1449 413 1540 μένη
444 1450 479 1517 έκ
507 1450 681 1518 Μελίσσου
714 1452 771 1517 καί
797 1449 1024 1536 Ἀμαλθείας·
1054 1450 1073 1519 ό
1103 1450 1164 1535 μὲν
1194 1444 1251 1518 οὖν
1276 1451 1447 1531 Μέλισσος
1475 1452 1569 1521 κατὰ

330 1555 390 1647 τὴν
412 1556 604 1642 ἐπιμέλειαν
625 1562 692 1624 τῶν
707 1557 870 1649 δευτέρων
892 1560 948 1625 καὶ
964 1556 1124 1647 πρόνοιαν
1147 1560 1314 1648 είληπται,
1339 1558 1358 1650 ἡ
1382 1560 1419 1627 δέ
1434 1558 1570 1645 Ἀμαλ·

331 1667 412 1734 θεία
434 1662 517 1733 κατὰ
540 1664 578 1732 τό
601 1662 730 1742 άκλινὲς
744 1666 800 1732 καὶ
823 1664 869 1755 μὴ
884 1663 1159 1750 μαλθάσσεσθαι.
1185 1666 1219 1733 έκ
1242 1671 1300 1756 τῆς
1324 1659 1384 1735 οὖν
1399 1671 1570 1757 προνοίας

289 1761 293 1765 ’
330 1776 389 1863 τῆς
411 1771 563 1851 α’κλινοῦς
585 1771 712 1858 γέγονεν
735 1770 755 1862 ἡ
777 1769 991 1861 Ἀδράστεια,
1016 1771 1087 1863 λη’τις
1110 1771 1239 1863 α’δελφὴ
1264 1773 1334 1841 ἐστι
1356 1778 1416 1864 τῆς
1439 1777 1567 1863 Είδης·

538 1882 622 1970 Είδη
645 1879 675 1947 δ’
697 1877 827 1970 εὐειδὴς
848 1882 905 1947 καὶ
928 1874 1119 1969 ὁμόσπορος
1140 1878 1354 1970 Ἀδράστεια.

332 1986 511 2078 ηπάντων
533 1987 618 2073 όμοῦ
646 1992 712 2055 τῶν
739 1985 849 2073 νόμιον
880 1992 946 2053 τῶν
977 2012 1014 2054 τε
1037 1987 1218 2073 έγκοσμίαιν
1240 1989 1296 2055 καὶ
1327 1988 1568 2079 ὑπερκοσμίσιν

330 2098 397 2163 τῶν
419 2120 455 2162 τε
477 2093 685 2185 εἱμαρμένον
707 2097 764 2162 καί
786 2095 892 2161 Διίων
907 2094 968 2184 -ῆ
992 2094 1125 2161 πάντων
1148 2087 1206 2161 οὖν
1228 2094 1355 2162 τούτων
1376 2094 1418 2163 τά
1441 2095 1568 2188 κέντρα

330 2202 463 2280 ένιαίως
485 2203 521 2269 έν
543 2202 644 2291 έανιῇ
666 2204 876 2289 συλλαβοῦσα
903 2203 958 2269 καὶ
982 2201 1178 2284 συνέχουσα,
1207 2200 1291 2293 αὕτη
1315 2203 1406 2271 ἐστὶν
1435 2202 1453 2294 ἡ
1478 2206 1568 2283 θεὸς

330 2307 532 2401 Ἀδράστεια
555 2306 612 2378 διά
640 2314 738 2377 τοῦτο
764 2308 956 2400 κεκλημένη,
989 2307 1046 2378 διὰ
1069 2308 1107 2377 τό
1130 2307 1172 2378 τὰ
1194 2308 1257 2378 ὑπ’
1287 2308 1388 2400 αὐτῆς
1417 2310 1566 2380 τεθέντα

329 2419 385 2484 καὶ
419 2416 691 2507 νομοθετηθέντα
700 2418 723 2505 ι)
750 2413 989 2506 άνσπόδραστα
1012 2410 1108 2486 εἶναι.
1155 2416 1209 2485 διὸ
1235 2418 1292 2486 καὶ
1319 2417 1386 2509 πρὸ
1413 2424 1472 2487 τοῦ
1503 2417 1567 2486 ἆν-

331 2550 413 2615 τρον
434 2529 494 2616 τῆς
517 2522 645 2604 Νυκτὸς
668 2523 758 2616 ἠχεῖν
780 2524 926 2612 λέγεται·

866 2631 1042 2724 παλάμῃσι
1065 2633 1102 2703 δέ
1125 2631 1247 2716 χάλκεα
1270 2631 1399 2726 ῥόπτρα

544 2743 648 2808 δῶκεν
670 2739 882 2831 Ἀδραστείᾳ.

330 2849 366 2917 έν
387 2855 459 2927 τοῖς
480 2847 671 2939 προθύροις
692 2848 755 2938 γάρ
777 2853 838 2915 τοῦ
860 2846 982 2941 άνιρου
1005 2853 1064 2939 τῆς
1079 2849 1207 2926 Νυκτός
1231 2847 1320 2938 ἠχεῖν
1343 2847 1472 2935 λέγεται
1487 2855 1566 2928 τοῖς

329 2954 521 3044 κυμβάλοις,
544 2955 600 3024 ἵνα
615 2953 726 3023 πάντα
747 2953 790 3022 τά
805 2953 907 3044 αὐτῆς
929 2961 995 3022 τῶν
1011 2954 1120 3040 νόμιον
1135 2953 1277 3045 κατήκοα
1297 2954 1439 3045 γένηται.
1464 2953 1566 3024 ἔνδον

329 3065 391 3150 μὲν
413 3061 475 3154 γὰρ
492 3064 527 3132 έν
548 3068 596 3149 τῷ
618 3061 728 3150 άδάτῳ
751 3068 810 3153 τῆς
832 3061 962 3141 Νυκτός
983 3061 1130 3152 κάθηται
1153 3062 1171 3130 ό
1197 3060 1320 3151 Φάνης·
1348 3063 1384 3129 έν
1406 3063 1497 3150 μέσῳ
1524 3066 1566 3132 δὲ

331 3169 351 3261 ἡ
375 3170 446 3256 Νὺξ
461 3169 670 3257 μαντεόουσα
692 3177 764 3249 τοῖς
778 3177 885 3249 θεοῖς,
910 3169 928 3261 ἦ
952 3171 990 3239 δέ
1004 3169 1208 3262 Ἀδράστεια
1231 3169 1266 3237 έν
1285 3175 1357 3248 τοῖς
1371 3169 1566 3260 προθύροις

330 3283 415 3346 πᾶσι
445 3283 676 3365 νομοθετοῦσα
709 3277 787 3357 τοὺς
820 3279 938 3356 θείους
972 3276 1102 3364 νόμους.
1149 3277 1303 3368 διαφέρει
1335 3277 1373 3345 δέ
1407 3283 1465 3367 τῆς
1493 3278 1566 3346 ἐκεῖ

329 3385 433 3474 Δίκης
454 3384 500 3464 τός
534 3385 732 3477 νομοθετικη
755 3390 955 3476 δικαστικῆς.
979 3425 1023 3434 --
1046 3383 1129 3474 αὕτη
1159 3383 1178 3475 ἦ
1201 3383 1397 3474 Ἀδράστεια
1428 3385 1463 3452 ἐκ
1487 3394 1563 3453 Με-

331 3493 449 3560 λίσσου
481 3496 537 3561 καὶ
568 3492 772 3579 Ἀμαλθείας
803 3486 887 3562 οὖσα
921 3491 1108 3584 περιεκτικη
1144 3492 1215 3560 έστι
1248 3495 1304 3559 καὶ
1338 3497 1398 3560 τοτ’
1430 3491 1561 3578 Νόμου.

332 3590 432 3668 αὗται
455 3598 496 3691 δὴ
519 3602 575 3669 καί
598 3601 747 3689 λέγονται
762 3600 898 3692 τρέφειν
920 3601 977 3668 τόν
997 3601 1064 3668 Δία
1088 3599 1122 3668 ἐν
1144 3604 1191 3686 τηῖ
1214 3597 1323 3689 ἄντρῳ
1346 3604 1405 3689 τῆς
1421 3598 1564 3682 Νυκτός,

331 3704 487 3797 ἄντικρυς
509 3713 607 3776 τοῦτο
621 3713 682 3776 τοῦ
696 3706 857 3794 θεολόγον
873 3707 1032 3795 λέγοντος.
1079 3707 1097 3774 ό
1120 3709 1174 3776 καὶ
1191 3705 1333 3774 Πλάτων
1356 3709 1434 3797 περὶ
1457 3705 1565 3776 αὐτοῦ

331 3823 432 3905 φησι·
478 3817 534 3883 καί
569 3813 631 3905 γάρ
666 3818 928 3907 δημιουργοῦντα
967 3813 1066 3883 αὐτὸν
1101 3820 1193 3882 ποιεῖ
1233 3817 1289 3882 καὶ
1330 3817 1563 3900 διαθεσμοθε-

330 3947 460 3992 τονντα.
1244 3923 1270 3949 ''

423 4157 442 4228 ¹)
462 4155 511 4212 Ich
535 4157 599 4212 τοδε
622 4155 698 4211 nicht
723 4155 775 4224 ein,
804 4172 853 4211 aus
881 4155 1009 4211 welchem
1033 4155 1142 4210 Grunde
1171 4155 1246 4210 Korn
1274 4171 1298 4210 α.
1319 4172 1342 4211 ε.
1363 4155 1393 4210 Ο.
1415 4155 1440 4212 S.
1460 4155 1496 4210 δι’)
1514 4155 1561 4211 die

329 4245 476 4302 Adrasteia
494 4245 538 4302 bei
555 4243 734 4314 Hieronymos
751 4245 807 4300 und
831 4244 875 4301 die
898 4245 942 4300 bei
960 4244 1086 4300 Hermiae
1109 4245 1158 4300 fiir
1182 4242 1373 4300 verschiedene
1396 4245 1561 4302 Gottheiten

330 4337 448 4392 συσσίτου
467 4335 531 4391 will.

419 4425 441 4496 ¹)
460 4425 513 4480 Die
531 4425 647 4482 Gazetae
665 4425 713 4480 der
731 4424 879 4480 Adrasteia
897 4425 1021 4480 erwfihnt
1039 4423 1165 4492 synesios
1183 4423 1220 4478 im
1239 4427 1263 4478 4.
1283 4423 1371 4480 Brief:
1400 4431 1498 4496 φέρειν
1517 4429 1564 4482 δεῖ

329 4512 412 4588 τιμὴν
429 4513 563 4587 ἐντάφιον
580 4513 629 4571 τόν
651 4519 683 4570 δν
700 4522 838 4587 ναυαγίου
857 4513 967 4587 νεκρόν·
988 4511 1002 4570 δ
1021 4511 1076 4586 γάρ
1094 4511 1262 4588 προστυχών
1280 4519 1326 4569 καὶ
1351 4512 1484 4586 κερδάνας
1511 4513 1558 4570 νό-

329 4624 400 4678 μους
414 4602 587 4677 Ἀδραστείας
604 4607 747 4672 αλδέσεται,
766 4601 804 4676 μή
824 4602 890 4680 οὐχὶ
908 4603 1010 4682 μικρόν
1028 4626 1051 4659 α
1071 4610 1154 4681 μέρος
1172 4599 1365 4660 ἀποδόσασθαι
1385 4603 1420 4684 τη]
1440 4623 1557 4680 χαρισα·

329 4700 405 4770 μένην
423 4691 454 4751 τό
473 4690 683 4752 πολλαπλάσιον.
