3459 5200
720 383 740 448 'l

131 577 256 640 animum
279 575 340 642 sibi
364 576 558 670 conciliavit,
577 577 627 644 cui
652 577 823 646 admiratio
847 579 1013 645 meliorum
1037 586 1214 664 temporum
1236 581 1342 648 inerat

130 691 157 748 et
179 682 280 748 odium
305 685 496 749 acerrimum
518 684 676 752 adversus
699 685 874 771 saeculum,
898 707 960 770 quo
983 687 1065 752 vitia
1087 707 1146 772 pro
1169 688 1341 755 virtutibus

129 797 211 858 erant
226 796 256 854 et
269 790 404 857 virtutes
419 791 512 876 ipsae
526 791 701 877 perniciem
715 792 916 873 adferebant,
938 794 1030 860 cuius
1049 794 1201 860 miseriae
1219 795 1340 861 clarum

127 897 211 963 nobis
240 898 420 982 exemplum
444 906 476 964 et
499 919 519 963 a
544 899 669 965 Seneca
693 907 726 966 et
749 920 769 965 a
792 900 909 966 Tacito
937 900 1094 985 ingeritur
1116 901 1217 968 Iulius
1240 901 1340 968 Grae-

126 1005 217 1082 cinus,
244 1004 416 1088 Agricolae
423 1008 446 1086 ¹)
465 1012 569 1092 pater.
598 1008 750 1073 Attamen
765 1007 899 1074 Tacitus
919 1007 963 1073 ad
978 1015 1099 1074 certam
1111 1008 1339 1094 philosophiae

125 1117 238 1177 sectam
262 1131 335 1178 sese
357 1132 420 1177 non
444 1113 633 1198 applicavit,
662 1114 814 1199 quoniam
837 1135 902 1180 non
924 1113 1109 1200 philosophi
1131 1135 1256 1200 munus,
1280 1115 1339 1182 sed

124 1238 219 1284 rerum
242 1218 408 1304 scriptoris
431 1219 607 1306 profitetur,
631 1221 678 1286 ita
701 1228 809 1288 autem
831 1221 1090 1308 philosophatur,
1115 1229 1159 1307 ut,
1188 1222 1216 1288 si
1243 1242 1337 1288 accu-

123 1325 216 1392 ratius
244 1326 277 1391 in
304 1325 388 1392 hane
416 1347 481 1392 rem
510 1327 726 1411 inquisiveris,
756 1328 887 1394 dubium
915 1349 988 1396 esse
1020 1349 1084 1394 non
1116 1329 1229 1414 possit,
1260 1328 1337 1412 quin

123 1433 257 1499 Senecae
287 1432 328 1499 de
355 1433 561 1520 philosophia
588 1435 687 1501 libros
716 1455 780 1501 non
810 1435 913 1502 solum
945 1434 1089 1502 studiose
1121 1436 1245 1521 legerit,
1278 1436 1338 1502 sed

122 1541 211 1606 etiam
228 1562 266 1607 ex
283 1541 466 1628 praeceptis
482 1541 673 1627 sapientiae,
690 1562 774 1627 quae
788 1543 821 1608 in
835 1543 900 1608 illis
914 1543 1033 1622 insunt,
1049 1543 1338 1629 contemplationes

121 1667 190 1714 suas
213 1648 257 1714 ad
281 1648 522 1734 philosophiam
545 1649 743 1734 pertinentes
767 1648 966 1735 effinxerit&
985 1649 1073 1734 quod
1093 1670 1111 1716 e
1130 1649 1257 1717 duobus
1271 1671 1337 1716 mo-

119 1757 226 1822 mentis
254 1755 445 1839 intellegere
478 1755 563 1824 licet.
619 1756 704 1823 Nam
735 1756 870 1824 Tacitus
902 1756 1115 1842 philosophus
1148 1777 1219 1823 eum
1252 1778 1338 1842 quae

120 1861 184 1946 ipse
206 1861 246 1928 de
270 1862 498 1948 philosophiae
521 1863 765 1948 quaestionibus
789 1863 901 1942 sensit,
917 1860 1049 1950 prorsus
1063 1863 1107 1928 ad
1124 1866 1336 1931 Annaeanum

119 1968 262 2036 iudicium
289 1968 553 2048 accommodavit,
579 1975 646 2036 tum
669 1969 908 2055 philosophiam
932 1971 1077 2036 Senecae
1100 1969 1144 2036 ad
1167 1971 1336 2038 historiam

120 2077 378 2143 conscribendam
401 2077 557 2156 adhibuit,
580 2084 615 2143 ut
631 2078 663 2142 in
677 2084 746 2145 tota
762 2097 826 2161 qua
845 2098 978 2144 narrare
993 2078 1077 2145 solet
1089 2079 1213 2144 ratione
1233 2079 1336 2166 philo-

120 2182 228 2267 sophia
257 2185 439 2250 Annaeana
472 2184 673 2252 interluceat.
728 2184 843 2268 Itaque
875 2205 942 2251 rem
974 2186 1021 2250 ita
1053 2185 1268 2273 instituamus,
1300 2195 1336 2253 ut

119 2290 245 2372 primum
271 2290 431 2374 quomodo
455 2291 590 2356 Tacitus
620 2311 712 2357 suam
738 2291 841 2376 ipsius
871 2290 912 2357 de
939 2291 1166 2379 philosophiae
1193 2295 1336 2376 quaesti-

119 2397 226 2466 onibus
249 2399 445 2466 sententiam
469 2398 512 2463 ad
535 2399 747 2464 Annacauam
770 2397 933 2483 direxerit,
957 2398 1075 2465 deinde
1098 2400 1258 2484 quomodo
1278 2400 1335 2469 Se-

118 2525 212 2572 necae
225 2505 432 2592 philosophia
444 2513 724 2590 rerumgestarum
740 2506 977 2573 enarrationem
986 2506 1143 2585 imbuerit,
1152 2506 1335 2575 doceamus.

707 2726 736 2803 I.

116 2858 224 2928 Taciti
248 2862 292 2929 do
315 2862 563 2930 communibus
590 2860 838 2946 philosophiae
861 2861 1131 2944 quaestionibus
1160 2861 1333 2929 iudicium

444 2968 619 3051 quomodo
641 2985 662 3034 a
686 2966 815 3035 Seneca
837 2967 999 3051 pendeat.

197 3096 245 3162 Ae
267 3096 403 3181 primum
428 3095 558 3181 quidem
582 3094 628 3162 de
651 3100 792 3161 natura
821 3099 859 3161 et
888 3094 993 3160 cultu
1020 3092 1176 3159 deorum
1198 3095 1333 3162 Tacitus

115 3222 304 3288 quamquam
328 3224 386 3289 pro
411 3224 470 3270 sua
492 3211 586 3290 perte
610 3208 732 3269 certum
756 3201 911 3268 iudicium
936 3222 999 3267 non
1020 3200 1196 3288 profitetur,
1224 3208 1333 3267 minen

199 3416 220 3486 ¹)
240 3420 266 3473 S.
290 3418 324 3473 de
347 3418 435 3473 benef.
458 3418 594 3473 1121.5:
623 3416 653 3471 Si
676 3417 800 3486 exemplo
823 3416 920 3486 magni
943 3417 1030 3471 animi
1053 3434 1120 3485 opus
1143 3419 1198 3484 est,
1221 3419 1334 3471 0111111111

113 3507 236 3563 Graecini
256 3508 330 3574 Iulii,
355 3506 409 3561 viri
428 3506 543 3577 egregii,
562 3524 644 3575 quem
664 3506 693 3561 O.
713 3506 813 3561 Caesar
830 3506 931 3561 occidit
949 3507 983 3560 ob
1002 3506 1053 3560 hoc
1070 3524 1164 3570 unum,
1184 3505 1260 3573 quod
1277 3524 1332 3561 me-

113 3596 161 3649 lior
177 3598 221 3651 vir
239 3601 308 3661 erat,
328 3614 412 3666 quam
431 3614 488 3651 esse
507 3614 674 3665 quemquam
693 3599 811 3665 tyranno
830 3595 943 3665 expedit
965 3594 1048 3662 (coni.
1067 3596 1117 3664 Ep.
1136 3596 1179 3649 29.
1199 3594 1237 3663 6).
1252 3624 1287 3634 -
1301 3595 1332 3649 T.

114 3686 175 3753 dgr.
193 3688 218 3741 4.
237 3687 266 3741 3:
286 3690 366 3756 pater
384 3686 428 3739 illi
447 3685 492 3752 (ac.
513 3684 672 3757 Agricolae)
690 3685 778 3739 Iulius
797 3684 948 3740 Graecinus
966 3684 1098 3739 senatorii
1111 3684 1222 3748 ordinis,
1241 3684 1333 3739 studio

113 3773 284 3843 eloquentiae
308 3776 516 3846 sapientiaeque
539 3779 633 3841 notus,
664 3774 753 3843 iisque
775 3774 842 3843 ipsis
866 3773 1017 3828 virtutibus
1039 3773 1111 3827 iram
1135 3773 1188 3829 Gai
1210 3773 1333 3829 Caesaris

112 3864 236 3919 meritus:
256 3883 376 3934 namque
393 3866 431 3919 M.
450 3864 575 3919 Silanum
594 3881 721 3918 accusare
743 3864 832 3918 iussus
856 3866 892 3928 et,
917 3863 984 3931 quia
1007 3864 1149 3926 abnuerat,
1172 3862 1332 3918 interfectus

114 3956 159 4006 cat.
178 3982 211 3991 —
232 3955 301 4009 conf.
321 3954 406 4009 etiam
434 3954 549 4023 Γ111131.
571 3953 612 4007 17.
631 3953 661 4007 8:
686 3953 773 4008 Iulius
796 3952 956 4017 Frontinus,
979 3952 1023 4006 vir
1045 3970 1172 4023 magnus,
1196 3956 1332 4020 quantum

114 4040 219 4099 licebat.

199 4130 222 4198 ¹)
241 4134 352 4188 Carolus
376 4132 550 4188 Hoffmeister
572 4130 637 4199 (Die
660 4132 920 4201 Weltanschauung
941 4132 989 4186 des
1011 4132 1132 4196 Tacitus,
1151 4132 1235 4187 ltssen
1254 4131 1332 4197 1831,

113 4240 136 4289 p.
155 4224 207 4277 212
226 4222 296 4291 sqq.)
315 4240 423 4291 prorsus
445 4226 531 4292 negat
555 4222 683 4277 Tacitum
700 4221 817 4292 pendere
837 4240 853 4276 a
872 4222 975 4277 Seneca
997 4240 1030 4276 ac
1053 4222 1100 4275 vix
1123 4220 1233 4290 probari
1255 4238 1332 4289 posse

112 4310 176 4365 dicit
197 4311 325 4365 Tacitum
350 4311 477 4381 operibus
500 4311 618 4365 Senecae
640 4310 676 4365 ad
697 4310 900 4380 philosophiam
923 4309 1124 4379 pertinentibus
1143 4308 1267 4362 animum
1285 4308 1331 4363 ad·

112 4400 230 4455 vertisse.
268 4400 369 4455 Contra
387 4400 417 4453 F.
437 4400 465 4455 C.
485 4400 622 4455 Schlosser
640 4399 887 4470 (Wcltgeschichte
909 4400 953 4453 fiir
974 4399 1024 4453 das
1042 4398 1172 4452 deutsche
1190 4398 1271 4463 Volk,
1290 4398 1331 4452 ed.

112 4488 223 4559 Krieglr,
242 4488 391 4543 Frankl'urt
406 4508 429 4544 a.
445 4490 481 4543 Μ.
497 4490 567 4544 1846
580 4488 620 4543 IV
634 4508 659 4559 p.
673 4488 829 4557 336—341)
857 4488 985 4543 Tacitum
998 4487 1116 4542 Senecae
1129 4485 1332 4557 philosophiam

111 4582 137 4632 et
159 4579 256 4634 stilum
278 4578 309 4633 in
331 4598 412 4633 usum
434 4598 513 4634 suum
538 4578 702 4635 convertisse
725 4597 774 4634 suo
797 4579 856 4633 iure
879 4576 1029 4632 contendit.
1058 4576 1130 4633 conf.
1154 4576 1239 4632 etiam
1258 4578 1287 4632 1..
1306 4596 1332 4632 v.

111 4666 214 4726 llanhe.
233 4668 476 4737 Weltgesehichte,
494 4668 535 4723 ΠΙ
554 4670 578 4733 1,
597 4687 623 4738 p.
644 4669 704 4723 268.
