3459 5200
692 365 898 468 -er‘

325 597 411 666 7636
430 625 465 654 =
484 599 573 664 8600
601 593 799 679 Παλαιᾱςῐ)
824 592 967 681 Ἠπείρου
989 619 1021 660 οε
1043 597 1096 662 σὺν
1118 593 1254 678 Αἰτωλίᾳ

325 706 411 771 1826
443 702 614 788 Χαίάρας
637 702 729 790 tande
752 715 796 787 τῷ
819 707 908 787 πατρί
930 700 1154 785 Κωνοταντίνῳ.

331 864 374 930 Π.
405 861 629 928 terminatio
653 860 782 927 dativi
805 861 902 946 sing.
926 863 951 928 l.
977 860 1274 927 declinationis:

278 987 338 1053 bis
371 985 459 1073 apud
491 986 704 1054 Manualem
731 986 897 1071 Philam,
928 985 987 1053 sed
1016 987 1049 1052 in
1077 985 1238 1072 suspectis
1266 982 1419 1051 carminis

190 1098 255 1179 περὶ
278 1099 359 1179 ζῴων
380 1091 559 1182 ίδιότᾳτοςί)
581 1094 744 1160 versibus:

335 1201 421 1267 1092
442 1199 567 1286 ἱππείᾳ
589 1200 683 1287 χαίτρ
706 1199 831 1274 εἴκελος.
856 1203 979 1288 θάμβος
1002 1199 1027 1267 δ’
1048 1197 1118 1266 ἰδεῖν

335 1309 421 1375 1993
445 1307 535 1373 λίθου
558 1310 635 1393 βολῇ
660 1310 786 1392 βαρείᾳ
808 1308 839 1372 ἐν
862 1321 915 1394 μιᾳ
937 1306 1045 1393 μόιᾳμ)

280 1421 417 1498 quater
434 1413 473 1478 in
495 1413 716 1500 Ephrsemii
741 1416 850 1482 10392
874 1414 1026 1480 senariis:

281 1540 311 1589 a.
335 1520 369 1585 in
393 1520 616 1586 substantivis:

334 1628 422 1694 2659
445 1627 528 1711 ἀξίᾳ
550 1639 621 1715 τιμᾷ
644 1637 698 1692 τοῦ
721 1632 989 1714 παρακοιμωμένοο

337 1734 423 1800 11ίί)
447 1729 607 1822 ῥομφαίᾳ
629 1735 726 1822 ibren<
747 1743 902 1819 τοιγαροῦν
924 1740 1104 1821 τετρωμένος

336 1839 423 1906 2507
447 1844 579 1928 χωνείᾳ
601 1841 773 1925 παρέδωκεν
795 1840 827 1913 ἐξ
851 1839 1017 1929 ἐμπληξίας

281 1947 313 2014 b.
337 1945 371 2011 in
394 1945 555 2012 adieetivo
580 1966 598 2012 e
622 1947 750 2013 nemine
774 1947 904 2033 proprio
929 1947 1093 2014 derivato:

336 2055 424 2122 5139
447 2057 643 2142 τοωροίιμενος
665 2052 832 2141 Καδμείᾳ
855 2055 1006 2129 δυσκλεῶς
1028 2055 1106 2140 νίκῃ.

284 2374 335 2438 Ab
367 2375 518 2460 anonymi
555 2374 727 2459 Byzantini
761 2373 888 2439 metrici
914 2373 1109 2459 praeceptis,
1144 2371 1185 2436 de
1213 2371 1329 2454 quibus
1357 2368 1421 2437 dis·

194 2481 389 2566 putavimus,
413 2480 547 2546 multum
571 2480 736 2566 discrepat
759 2499 799 2546 ea
820 2479 977 2564 doctrina,
1001 2499 1098 2563 qnam
1111 2477 1245 2564 protulit
1258 2479 1422 2543 Ioannes

195 2586 327 2671 quidam
360 2587 524 2655 Cretensis
555 2587 771 2653 Botaniata
799 2587 1037 2671 cognomine,
1066 2585 1121 2669 qui
1148 2590 1225 2651 ante
1257 2584 1422 2652 saeculnm

195 2714 227 2779 p.
256 2692 312 2764 Cb.
348 2693 507 2760 decimum
539 2694 700 2772 tertium⁴)
732 2694 906 2759 arebivarii
943 2713 1073 2759 munere
1109 2690 1236 2759 innotus
1275 2698 1334 2759 est.
1389 2691 1423 2758 Is

196 2800 322 2867 Isidoro
352 2800 517 2887 Critacae,
546 2799 684 2866 diacono
713 2807 746 2866 et
773 2800 954 2867 archivario
983 2799 1079 2885 Obie,
1113 2800 1254 2866 carmine
1278 2797 1425 2895 ¹quodam

198 2906 240 2974 de
272 2907 425 2973 trimetris
456 2906 604 2973 iambicis
636 2905 820 2992 pangendis
852 2907 1006 2991 iambico,
1043 2905 1131 2990 quod
1161 2908 1299 2991 primum
1330 2903 1423 2970 Edm.

199 3013 335 3100 Congny
361 3014 396 3079 in
424 3013 589 3080 Annnaire
616 3012 658 3079 de
684 3014 908 3079 l’associstion
936 3032 1018 3099 pour
1043 3013 1338 3095 l’enconragement
1364 3010 1424 3078 des

291 3242 311 3311 ¹)
330 3243 456 3299 Correxit
472 3244 495 3298 Ι.
513 3243 630 3314 Hilberg
648 3244 679 3299 in
699 3244 811 3299 Wiener
829 3243 947 3300 Studien
964 3243 1019 3300 rol.
1038 3244 1063 3298 X
1081 3262 1108 3314 p.
1127 3244 1176 3309 82;
1200 3239 1312 3303 παλαιᾶς
1330 3244 1389 3301 cod.

290 3330 312 3399 ’)
331 3332 372 3387 cf.
395 3333 497 3389 Poetae
519 3333 637 3388 bucolici
662 3336 691 3388 et
713 3332 844 3388 didactici
872 3333 932 3388 edd.
955 3333 985 3387 F.
1010 3333 1038 3389 S.
1063 3332 1149 3388 Lehrs
1176 3335 1205 3387 et
1230 3332 1274 3387 Fr.
1298 3332 1425 3388 Duebner

198 3420 296 3489 (Paris.
316 3421 405 3490 1851).

291 3508 312 3579 ⁸)
330 3510 430 3579 Itaque
448 3510 524 3567 haud
541 3510 597 3566 scio
616 3529 653 3566 au
670 3514 745 3567 reete
763 3510 887 3566 docuerit
909 3510 980 3565 Rud.
999 3510 1128 3576 Hereber,
1152 3509 1256 3565 Erotiei
1279 3508 1426 3581 scriptores

200 3599 297 3655 Graeci
315 3598 368 3655 vol.
388 3598 415 3654 11
433 3618 459 3670 ρ.
479 3600 540 3655 LII:
566 3603 683 3656 Dotioue
705 3604 736 3654 in
759 3616 776 3667 ᾳ
794 3603 956 3654 minatus
974 3602 1014 3653 οοί
1030 3601 1171 3653 οενίνοηιιιι
1188 3602 1392 3655 minutiones
1409 3616 1427 3668 ᾳ

201 3696 225 3743 st
247 3704 278 3757 ᾳς
306 3692 335 3743 s'n
359 3690 477 3756 Eristos,
499 3690 653 3759 R·odroms',
676 3691 793 3756 Nicator,
816 3688 931 3744 Posses
955 3690 1123 3743 ermenone
1147 3706 1313 3758 nunquam
1340 3693 1428 3743 con-12

199 3781 324 3847 piantur.
350 3776 498 3833 Verbalem
511 3778 738 3835 terminationem
751 3796 769 3847 ᾳ
782 3779 866 3833 semel
881 3781 1035 3847 correptam
1050 3776 1169 3849 legimus
1182 3777 1258 3847 apud
1270 3778 1428 3834 Meneclem

201 3866 319 3931 Philam,
339 3866 434 3922 sedin
452 3866 583 3921 carminis
602 3866 656 3936 περὶ
673 3864 745 3937 ζῴων
763 3862 887 3937 lists-qrb<
905 3869 1032 3937 suspecto
1049 3883 1129 3921 versu

452 3955 520 4010 1147
544 3954 685 4025 bpdoncoo'
705 3954 743 4007 ἐπ’
762 3952 841 4017 αὑτὰς
859 3954 946 4027 θηρᾷ
963 3954 1008 4006 sut
1024 3953 1160 4006 αααοίλία
1522 3992 1527 3999 .

293 4042 314 4112 ⁴)
339 4043 640 4109 numerumnunerum
659 4045 689 4099 in
707 4046 760 4103 An.
779 4045 846 4102 Ver.
865 4046 918 4101 vol.
933 4045 947 4099 Ι
967 4044 1018 4102 199
1036 4044 1109 4100 dixit
1126 4044 1247 4101 codicem
1266 4043 1428 4100 chisianum

202 4132 410 4189 miscellaneam
441 4134 467 4187 R
490 4132 529 4187 1v
560 4135 601 4200 11,
634 4150 688 4203 quo
715 4134 863 4189 memoriae
890 4134 1028 4189 traditum
1055 4136 1097 4189 est
1124 4133 1236 4189 Ioannis
1263 4134 1429 4190 Βοίοιιίιιίοο

202 4238 320 4287 carmem
344 4222 453 4278 saeculo
470 4222 536 4277 XIV
559 4222 674 4279 ineunte
696 4240 782 4278 manu
805 4222 994 4293 taebygrapbi
1017 4226 1163 4279 exaratum
1185 4240 1251 4289 esse,
1277 4223 1307 4277 id
1329 4240 1428 4293 parum

202 4314 278 4366 reete
296 4311 432 4367 sehabet
460 4311 535 4366 Nam
549 4312 754 4367 Studemuudus
773 4310 839 4381 ipse,
859 4329 922 4367 oum
939 4312 1104 4383 gravissimo
1121 4312 1217 4367 morbo
1234 4312 1292 4367 iam
1310 4312 1429 4367 afflictus

203 4402 273 4466 erat,
291 4398 395 4455 iterum
412 4400 570 4469 iterumque
588 4400 657 4455 milri
677 4400 749 4456 dixit
767 4400 863 4455 aviris
875 4400 1041 4456 doctissimis
1055 4418 1084 4456 se
1097 4418 1146 4471 per
1159 4400 1270 4456 litteras
1283 4401 1429 4458 certiorem

202 4488 308 4545 facturn
327 4506 386 4547 esse
404 4488 524 4545 codicem
542 4490 800 4546 illumvaisiannm
818 4490 927 4545 saecule
944 4490 1073 4545 decimo
1090 4490 1197 4546 tertio
1215 4491 1355 4545 ineunte
1373 4506 1431 4547 esse

203 4578 345 4647 seriptum.
391 4578 455 4634 Non
482 4580 603 4635 multum
631 4584 697 4635 aute
723 4581 797 4636 hanc
824 4582 946 4635 aetatem
974 4580 1105 4635 loannem
1129 4580 1309 4635 Botanistam
1331 4578 1433 4635 vixisse

204 4666 410 4724 Studemnndus
429 4669 488 4738 ipse
505 4668 635 4739 opinatus
654 4674 703 4726 est.
