3459 5200
605 1518 842 1599 insontin
878 1520 974 1600 hoc
1006 1518 1166 1601 hbesso
1200 1520 1345 1601 haec:

302 1787 305 1791 -
363 1753 429 1822 Cap.
448 1752 468 1806 I.
533 1752 574 1807 De
592 1750 803 1820 antiquissimae
820 1734 875 1823 περὶ
894 1749 1021 1821 eruptioni
1040 1752 1184 1807 dootrinse
1202 1751 1387 1822 frumentis.
1415 1794 1424 1809 .
1491 1690 1593 1807 932216

362 1860 428 1929 Gap.
447 1859 482 1913 II.
531 1859 572 1914 De
589 1858 728 1913 vocalium
750 1854 829 1909 ΑΙΥ
847 1857 1006 1913 nominibus
1024 1898 1424 1915 ............
1485 1858 1593 1913 17-33

363 1965 430 2035 Cap.
449 1966 497 2020 111.
530 1965 571 2021 De
589 1964 747 2020 Ptolemaeo
766 1964 936 2030 Ascalonita,
956 1964 1111 2034 tryphone,
1129 1964 1278 2020 Heliodoro
1309 2006 1317 2020 .
1344 2005 1352 2022 .
1380 2006 1388 2021 .
1416 1955 1435 2021 .“
1484 1964 1593 2020 33-47

363 2072 430 2142 (lap.
449 2072 497 2127 IV.
531 2071 572 2126 De
593 2071 736 2125 rhetorum
760 2086 909 2159 eorumque
932 2071 1178 2150 grammatioorum
1200 2071 1357 2142 praeseptis
1380 2070 1429 2139 qni

530 2176 750 2247 Byzantinorum
768 2177 950 2233 immutatum
967 2178 1222 2247 pronuntiationem
1240 2181 1387 2235 tuentur.
1415 2220 1422 2234 .
1482 2180 1593 2236 48-59

361 2284 429 2353 Cup.
448 2284 481 2339 V.
528 2284 569 2339 Do
596 2283 707 2354 ignatio
739 2284 862 2349 diooono,
896 2283 1047 2339 Theodosio
1074 2285 1200 2350 dissono,
1232 2284 1428 2355 Christophoro

531 2391 709 2461 Mytilenaeo,
729 2392 831 2446 Ioanne
850 2390 1037 2447 Euohoitensi.
1075 2390 1161 2458 (Soeo.
1180 2390 1313 2459 lli-XI.)
1345 2433 1352 2447 .
1380 2433 1388 2448 .
1416 2432 1423 2447 .
1482 2393 1590 2447 59-81

361 2498 431 2568 Oop.
449 2499 496 2553 VI.
529 2498 569 2553 Ds
587 2498 692 2553 losnne
711 2497 810 2552 Tsetnu
829 2500 858 2553 et
876 2496 1034 2552 Eustothio.
1070 2497 1158 2565 (Saso
1176 2498 1249 2566 XII.)
1274 2538 1424 2556 .....
1482 2499 1593 2554 82-93

362 2605 430 2676 Cep.
446 2605 506 2660 VH.
526 2606 567 2660 Do
580 2605 702 2661 Monimo
720 2603 845 2660 Plauuds
863 2608 893 2660 et
910 2605 1212 2661 Demetrio'Ihiolinio.
1249 2606 1337 2671 (Sese
1350 2605 1427 2674 XIII)
1464 2607 1593 2662 93-115

364 2712 511 2781 Appendix
524 2752 1424 2770 ..........................
1448 2713 1592 2768 115-137

443 2819 465 2873 Ι.
491 2819 531 2873 De
549 2819 656 2890 Ignatii
675 2817 784 2873 diaconi
803 2818 975 2890 senariorum
992 2819 1023 2874 in
1041 2819 1179 2873 Adsmum
1197 2819 1352 2874 memoris.
1380 2860 1388 2875 .
1416 2861 1424 2874 .
1448 2818 1592 2874 116-121

430 2926 465 2980 11.
491 2926 532 2981 De
545 2925 660 2996 Ignatii,
676 2925 831 2992 Theodosii,
847 2925 1047 2996 christophori,
1061 2925 1172 2981 Ioannis
1185 2925 1293 2996 legibue
1306 2924 1429 2981 metricis
1449 2925 1592 2981 121—137

363 3031 449 3086 Index
467 3033 632 3102 scriptorum
665 3072 1425 3090 ......................
1449 3033 1510 3088 138.
1541 3033 1593 3088 139

617 4627 700 4684 ‘rypls
715 4629 847 4675 societatis
862 4629 1082 4685 typographorum
1096 4628 1341 4674 vratislsvlsuslum.
