3459 5200
1027 535 1067 597 18

551 741 730 806 Praeterea
753 738 980 805 Choerobosoi
995 739 1202 823 temporibus
1220 759 1353 823 semper
1368 760 1442 806 cum
1457 743 1519 808 hoc
1531 743 1603 808 libro

464 841 553 907 aliud
587 843 755 927 quoddam
787 842 1048 925 Hephaestionis
1082 843 1280 925 opusculum
1318 844 1602 921 circumferebatur,

465 946 554 1028 quod
587 947 784 1030 inscriptum
818 949 889 1011 erat
920 947 992 1029 περὶ
1022 944 1204 1032 ποιήματος,
1238 967 1305 1030 quo
1336 948 1373 1012 in
1406 949 1516 1014 libello
1548 949 1604 1014 He

463 1049 617 1130 pbaestio
658 1050 730 1132 ipse
769 1050 992 1114 enchiridium
1030 1069 1051 1114 a
1080 1069 1117 1113 se
1151 1069 1226 1114 esse
1260 1050 1431 1116 conditum
1464 1053 1605 1135 quodam·

463 1153 564 1217 modo
598 1157 739 1218 testatus
774 1157 855 1218 erat.
905 1151 1153 1217 Testimonium
1182 1152 1263 1217 illud
1292 1153 1327 1217 in
1362 1159 1481 1220 neutro
1507 1175 1606 1220 eomm

464 1256 519 1338 qui
556 1260 671 1321 extant
705 1255 1022 1322 commentariorum
1051 1255 1325 1338 deprehenditur;
1352 1257 1442 1322 unde
1464 1259 1606 1341 sequitur,

462 1362 500 1423 ut
520 1362 661 1441 uterque
688 1360 730 1424 ab
760 1378 810 1438 eo,
834 1359 890 1441 qui
914 1357 1153 1423 Choerobosco
1175 1363 1311 1441 praesto
1334 1363 1416 1439 erat,
1444 1361 1551 1426 libello
1571 1362 1608 1425 sit

464 1461 624 1527 diversus.
673 1462 741 1528 Sed
764 1481 944 1546 quamnam
967 1481 1043 1526 cum
1065 1462 1123 1526 illo
1147 1461 1259 1527 libello
1283 1461 1450 1528 rationem
1476 1465 1607 1530 habeant

464 1567 694 1631 commentarii
719 1586 759 1630 ex
783 1565 1012 1630 Choerobosci
1035 1565 1147 1630 verbis
1170 1584 1239 1629 non
1263 1565 1446 1648 dispicitur.

549 1669 592 1734 At
625 1669 709 1734 duae
743 1670 855 1734 inesse
888 1668 1044 1734 ridentur
1076 1669 1111 1732 in
1146 1668 1375 1734 Choerobosci
1408 1671 1608 1736 enarratione

464 1771 682 1852 difficultates,
717 1793 856 1856 quarum
890 1774 995 1838 altera
1029 1791 1068 1837 eo
1103 1772 1302 1851 continetur,
1336 1773 1426 1856 quod
1453 1774 1510 1839 rix
1529 1773 1609 1857 quis·

464 1896 563 1959 quam
601 1876 664 1942 sibi
700 1876 917 1959 persuadebit
957 1876 1106 1942 libellum
1148 1877 1220 1959 περὶ
1263 1873 1436 1962 ποιήματος
1471 1877 1611 1943 effecisse

464 1979 630 2063 singulare
660 1982 866 2064 opusculum,
896 1980 986 2065 quod
1015 1999 1095 2045 casu
1123 1984 1253 2045 tantum
1282 1999 1416 2062 semper
1447 2000 1516 2046 una
1545 1999 1611 2045 cum

464 2082 648 2147 enchiridio
678 2083 927 2166 deprehensum
960 2087 1060 2147 esset.
1113 2082 1288 2164 Respicias
1316 2083 1416 2149 velim
1441 2084 1613 2149 Aristidem

464 2185 714 2267 Quintilianum,
748 2187 840 2252 cuius
875 2189 1028 2251 auctores
1061 2186 1113 2250 rel
1141 2187 1186 2251 ad
1213 2205 1262 2264 ea,
1291 2186 1334 2250 de
1364 2188 1483 2270 quibus
1506 2187 1613 2270 agitur,
1694 2192 1695 2207 ¹

461 2294 615 2372 tempora
635 2290 687 2354 vel
710 2290 810 2354 etiam
833 2290 876 2354 ad
897 2289 1087 2372 antiquiora
1101 2289 1268 2371 pertinere
1291 2289 1379 2355 inter
1401 2310 1520 2355 omnes
1542 2310 1614 2355 con·

464 2397 538 2458 stat.
590 2393 654 2472 Qui
677 2393 827 2477 quamvis
843 2393 964 2458 exilem
981 2392 1090 2471 nobis,
1114 2393 1233 2457 sicum
1250 2393 1436 2458 enchiridio
1458 2394 1614 2470 conferas,
1694 2420 1695 2427 ι

463 2498 545 2562 artis
579 2497 736 2563 metricae
760 2497 929 2580 epitomen
962 2497 1153 2575 tradiderit,
1181 2501 1295 2562 tamen
1324 2501 1422 2579 caput
1443 2499 1515 2582 περὶ
1535 2495 1617 2580 ποιή-

463 2621 558 2686 ματος
585 2621 654 2667 ιιοιι
677 2601 805 2677 omisit;
835 2601 877 2665 cf.
903 2621 936 2683 p.
958 2600 1010 2678 28,
1033 2600 1084 2664 20.
1114 2600 1165 2678 37,
1188 2601 1295 2664 6-19
1317 2600 1369 2665 ed.
1391 2602 1477 2666 Jahn
1500 2601 1614 2684 (Berol.

465 2703 569 2789 1882).
613 2705 726 2788 Neque
759 2705 883 2770 Marius
917 2703 1108 2769 Victorinus
1142 2704 1194 2769 vel
1227 2704 1340 2787 potius
1367 2704 1482 2769 Aelius
1504 2706 1616 2771 Festus
1694 2767 1695 2772 ,

461 2806 685 2888 Aphthonius
709 2806 801 2873 cuius
825 2811 991 2885 auctores,
1015 2806 1077 2871 etsi
1100 2808 1135 2870 in
1152 2806 1291 2888 singulis
1313 2826 1434 2888 magna
1449 2809 1616 2873 contentio

463 2913 523 2989 est,
552 2910 596 2975 ad
619 2911 759 2975 eandem
789 2911 857 2975 iere
881 2914 980 2993 atque
995 2908 1282 2992 Hephaestionem
1303 2913 1447 2975 aetatem
1469 2916 1617 2994 spectare
1694 2991 1695 3000 μ

463 3031 578 3077 omnes
612 3013 837 3093 consentiunt,
871 3013 981 3079 facere
1013 3013 1132 3096 potuit,
1166 3013 1247 3098 quin
1271 3014 1443 3097 complura
1475 3016 1554 3080 huic
1575 3015 1619 3080 rei
1694 3003 1695 3018 ¹

463 3117 606 3199 capitula
641 3118 817 3193 tribueret;
855 3118 897 3181 cf.
934 3118 1079 3182 Gramm.
1112 3117 1168 3182 lat.
1203 3118 1254 3183 ed.
1287 3118 1328 3182 H.
1361 3118 1443 3183 Keil.
1481 3120 1547 3184 vol.
1582 3119 1619 3181 Vl

461 3242 492 3302 p.
515 3221 651 3287 53-60.
697 3220 785 3299 Quin
808 3220 910 3285 etiam
932 3219 1020 3303 apud
1041 3220 1181 3285 Atilium
1195 3221 1474 3287 Fortunatianum
1496 3221 1564 3303 (GL
1579 3219 1620 3283 Vl

460 3344 491 3405 p.
515 3324 587 3403 194,
611 3324 796 3403 14-195,
821 3324 884 3407 16),
918 3323 958 3387 de
982 3323 1075 3388 cuius
1109 3324 1258 3389 fontibus
1291 3324 1380 3390 idem
1401 3325 1499 3403 valet,
1536 3325 1620 3390 eius·

463 3427 554 3491 modi
588 3427 761 3493 doctrinae
794 3426 935 3508 vestigia
972 3426 1156 3508 perlucent.
1205 3426 1300 3492 Adde
1333 3427 1423 3512 quod
1454 3428 1620 3493 Aristides

462 3530 685 3608 Quintilianus
719 3552 750 3614 p.
786 3531 838 3609 48,
866 3531 910 3596 20
942 3530 1096 3596 doctrina
1132 3532 1203 3616 περὶ
1233 3529 1406 3617 ποιήματος
1438 3536 1621 3598 extremam
1694 3583 1695 3586 ι

461 3635 543 3699 artis
576 3636 736 3700 metricae
768 3639 899 3718 partem
933 3633 1016 3699 effici
1047 3634 1171 3699 diserte
1193 3635 1332 3717 profert,
1361 3635 1428 3700 iam
1456 3636 1621 3701 concedes

462 3738 734 3803 dissertationem
769 3738 860 3803 illam
896 3738 967 3822 περὶ
1000 3734 1171 3823 ποιήματος
1204 3738 1271 3802 iam
1304 3739 1346 3804 ab
1368 3739 1621 3821 Hephaestione

461 3842 614 3907 consulto
648 3842 758 3924 aliquo
788 3841 890 3906 modo
926 3860 1000 3905 cum
1034 3841 1220 3906 enchiridio
1258 3842 1472 3907 coniunctam
1505 3842 1621 3906 fuisse.

460 3945 597 4010 Accedit
620 3945 745 4028 aliquid
774 3950 863 4010 certe
892 3943 1086 4010 adminiculi
1107 3944 1186 4009 huic
1210 3945 1397 4011 sententiae
1420 3946 1521 4010 etiam
1546 3946 1622 4009 inde
1694 3941 1695 4034 1

461 4048 549 4131 quod
573 4049 601 4113 is
625 4048 679 4131 qui
704 4048 857 4113 scholion
879 4069 910 4131 p.
934 4048 989 4111 VH
1006 4048 1130 4111 11-16
1159 4048 1253 4130 quasi
1282 4050 1490 4131 prooemium
1520 4049 1622 4131 capiti

459 4170 517 4233 περ
517 4146 743 4237 1ποιήμοιτος
736 4172 770 4216 ιιι
771 4151 988 4234 terpretando
1004 4150 1187 4233 praemisit,
1211 4152 1495 4231 commentarium,
1521 4173 1622 4236 quem
1694 4199 1695 4214 .

461 4254 495 4317 in
496 4260 643 4337 taerpret
623 4257 697 4321 atus
731 4259 792 4333 est,
820 4256 857 4320 in
888 4254 1025 4319 ultimae
1054 4254 1231 4335 enchiridii
1259 4255 1364 4337 partis
1392 4256 1465 4320 loco
1493 4255 1622 4322 habere
1694 4267 1695 4322 l

460 4376 529 4422 non
552 4358 722 4424 dubitavit.
701 4358 850 4436 tQuis
874 4357 974 4423 fuerit
959 4361 1056 4440 tpro
1080 4361 1172 4423 certo
1194 4357 1353 4423 affirmari
1373 4358 1496 4441 nequit.
1545 4359 1623 4424 Col·
1694 4327 1695 4386 1

460 4463 537 4529 latis
560 4468 670 4528 autem
694 4462 834 4543 Longini
857 4460 1000 4524 verbis
992 4479 1027 4523 m
1050 4462 1156 4525 schol.
1180 4460 1331 4546 Hephd
1353 4482 1385 4543 p.
1408 4462 1439 4540 1,
1464 4462 1619 4539 16-3,”
1604 4483 1623 4525 ο
1694 4447 1695 4488 ¹

460 4568 514 4648 (cf.
540 4566 812 4631 Choeroboscum
842 4586 874 4648 p.
898 4565 950 4645 34,
975 4565 1011 4627 11
1038 4567 1125 4647 sqq.)
1154 4564 1243 4630 baud
1265 4570 1391 4630 temere
1412 4563 1453 4628 de
1466 4565 1695 4646 Longino

1694 4629 1695 4714 i

1694 4727 1695 4762 1
