3459 5200
718 594 758 658 53

157 803 281 884 graphi,
305 803 446 868 carmini
468 803 623 868 absoluto
648 803 792 868 coronis.
837 804 875 867 ln
899 803 1103 868 carminibus
1131 802 1215 866 κατὰ
1236 822 1320 886 περι-

157 902 256 990 aonia
279 907 420 989 siugulis
444 908 592 989 strophiS
616 912 651 973 et
665 907 886 990 antistrophis
903 907 1053 990 singulae
1076 907 1320 990 subiunguntur

155 1011 363 1093 paragraphi,
398 1011 515 1092 epodis
550 1011 739 1091 coronides,
773 1011 915 1076 carmini
948 1012 991 1076 ad
1024 1013 1122 1076 linem
1156 1012 1318 1095 perducto

153 1113 372 1197 asteriscus¹)

236 1234 366 1300 Homm
388 1239 621 1318 argumentum
644 1236 778 1319 quidem
793 1238 881 1302 bene
896 1235 1058 1319 procedit,
1082 1235 1142 1299 sed
1157 1235 1192 1298 iu
1207 1237 1318 1302 verbis

155 1342 243 1405 inest
276 1339 463 1404 difficultas.
524 1339 657 1404 Etenim
697 1360 781 1423 quae
821 1339 1028 1422 Hephaestio
1070 1358 1191 1403 vocare
1233 1339 1321 1405 solet

154 1438 385 1527 percontamini
407 1447 441 1507 et
464 1437 613 1527 ἐπῳδικοῖ,
637 1443 690 1508 hic
714 1444 855 1508 audiunt
878 1437 1075 1528 μονόστροφα
1090 1445 1123 1506 et
1138 1439 1219 1506 aecci
1235 1463 1319 1526 περι-

150 1541 262 1630 κοπήν.
308 1547 435 1612 Contra
461 1547 668 1630 Hephaestio
699 1549 884 1613 carminum
916 1545 999 1610 κατὰ
1019 1541 1194 1631 περικοπήν
1213 1566 1318 1612 unum

150 1653 281 1714 tantum
304 1668 408 1730 genus
433 1649 536 1728 novit,
560 1651 709 1715 carmina
733 1651 861 1716 scilicet
883 1649 967 1713 κατὰ
981 1647 1154 1734 περικοπὴν
1176 1642 1317 1735 ἀνομοιο-

150 1751 240 1837 μερῆ.
285 1751 378 1816 Adde
408 1753 497 1835 quod
525 1752 580 1818 vix
604 1754 817 1836 Intellegitur,
841 1773 900 1819 cur
922 1753 1139 1836 Hephaesti0,
1163 1753 1191 1818 si
1215 1754 1316 1819 modo

151 1856 251 1920 etiam
275 1854 445 1920 locutione
474 1853 601 1941 ᾄσματα
629 1855 712 1920 κατὰ
740 1851 915 1940 περικοπήν
940 1857 990 1921 uti
1017 1855 1136 1921 solitus
1164 1856 1218 1936 sit,
1248 1876 1316 1921 non

148 1981 179 2043 p.
203 1957 292 2022 XVII
313 1958 335 2022 4
362 1960 427 2023 hoc
457 1979 580 2024 nomen
610 1980 709 2046 quam
732 1959 898 2025 insulsum
926 1959 1008 2024 illud
1029 1959 1161 2041 generis
1185 1959 1316 2043 epodici

148 2081 312 2144 usurpare
349 2061 518 2138 metuent,
556 2061 623 2127 iam
666 2063 890 2147 suspicaberis
927 2063 1212 2146 Hephaestionem
1247 2083 1316 2128 non

148 2167 259 2249 ipsum
293 2166 376 2229 haec
411 2167 629 2248 excogitasse.
686 2167 753 2232 Sed
787 2187 829 2232 nc
862 2170 988 2231 temere
1021 2165 1086 2230 levi
1119 2171 1315 2248 argumento

149 2268 378 2334 coniecturam
402 2272 640 2350 superstruam,
664 2269 836 2334 videamus
850 2269 998 2352 ¹reliqua.

238 2371 422 2436 Omisimus
446 2359 555 2436 adbuc
577 2373 680 2437 verba
702 2373 757 2435 act
779 2369 876 2448 οὕτως
898 2369 919 2456 ἡ
942 2367 1158 2456 παράγραφος,
1180 2367 1203 2454 ἢ
1225 2371 1315 2456 διορί-

146 2475 194 2552 ζει
227 2469 267 2537 τά
299 2494 333 2538 τε
367 2470 458 2559 ὃμοια
486 2476 541 2538 καὶ
573 2471 613 2538 τὰ
641 2466 783 2560 ἀνόμοια,
818 2475 939 2558 quibus
968 2474 1089 2539 mirum
1118 2475 1153 2538 in
1175 2475 1313 2540 modum

146 2577 398 2645 enuntiatorum
430 2598 588 2657 conexus
623 2570 708 2661 quae
738 2579 815 2644 Inde
844 2600 864 2644 a
892 2601 923 2662 p.
957 2577 1101 2643 xxixa
1132 2598 1238 2662 usque
1271 2576 1315 2645 ad

143 2682 252 2747 XXIX
276 2682 311 2745 11
343 2701 411 2746 uno
435 2682 529 2765 quasi
554 2686 671 2747 tenore
700 2680 1208 2764 decurrunt,iutcrn1mpitur.¹)
1250 2682 1314 2747 Ite-
1391 2704 1394 2711 ·

142 2788 226 2868 puta
253 2804 355 2867 porro
386 2784 588 2850 sententiam
618 2786 790 2851 enuntiati.
835 2785 945 2850 Verba
972 2784 1135 2849 eiusmodi
1160 2789 1248 2864 sunt,
1277 2790 1314 2851 ut

140 2888 346 2971 paragraphi
373 2908 437 2953 usu
466 2888 632 2953 illustrato
661 2890 764 2953 totius
794 2888 1029 2971 explicationis
1063 2887 1311 2971 quodammodo

140 3010 311 3057 summam
340 2990 449 3055 facere
471 2992 656 3057 videantur.
701 2993 769 3058 Sed
797 2992 862 3057 hoc
892 3011 1006 3057 nonne
1028 2991 1179 3072 ineptum
1202 2996 1253 3057 est
1276 2993 1311 3057 in

138 3093 255 3160 media
281 3094 344 3158 hac
373 3094 558 3159 carminum
581 3094 797 3176 epodicorum
827 3094 1074 3177 explanatione,
1101 3114 1163 3177 pro
1192 3094 1311 3161 funda-

138 3201 259 3263 mento
301 3196 548 3261 distributionis
586 3198 727 3280 sumptIs
765 3218 834 3263 non
872 3198 979 3275 notis,
1023 3197 1082 3262 sed
1126 3198 1312 3264 carminum

137 3299 345 3384 generibus?
388 3302 454 3364 Aut
489 3300 620 3383 egregie
650 3300 748 3366 iallor
776 3305 832 3365 aut
862 3320 916 3365 res
946 3301 1019 3383 ipsa
1055 3300 1177 3366 clamat
1208 3302 1310 3367 alium

136 3402 337 3468 condidisse
353 3403 525 3469 enuntiata
540 3424 571 3486 p.
587 3404 691 3467 XXIX
707 3405 790 3467 3-8
813 3407 846 3468 et
867 3405 983 3482 9-11,
1006 3403 1108 3469 atium
1124 3404 1172 3468 eis
1190 3405 1310 3471 mediis

135 3506 331 3571 inculcasse
360 3506 569 3571 enuntiatum
598 3506 695 3585 illud,
730 3526 804 3571 cnm
835 3527 905 3571 non
932 3510 1001 3571 tam
1029 3507 1310 3590 quemadmodum

135 3606 294 3674 carmina
323 3612 438 3673 essent
474 3608 707 3674 distribuenda
741 3629 840 3692 quam
875 3609 1044 3693 quomodo
1078 3610 1310 3693 appingendae

132 3715 258 3777 essent
280 3715 390 3789 notae,
415 3712 581 3795 explicare
604 3712 711 3777 vellet.

228 3812 380 3879 Graviter
402 3815 605 3880 offendimur
626 3815 738 3881 verbis
761 3814 825 3879 Καὶ
852 3814 985 3900 μάλιστα
1014 3814 1126 3880 εἴωθεν
1148 3812 1166 3879 ὁ
1189 3808 1309 3902 ἀστερί-

134 3938 221 3994 σκος
243 3916 401 4000 τίθεσθαι,
426 3914 480 3983 ἐὰν
503 3913 704 4003 ἓτερόμετρον
725 3916 746 4003 ᾗ
765 3915 799 3982 τὸ
823 3916 910 4005 ᾆσμα
931 3914 966 3983 τὸ
995 3916 1074 4002 ἑξῆς.
1099 3911 1204 3985 'Nam
1226 3942 1308 4003 quo-

130 4022 233 4087 niam
256 4024 356 4086 antea
380 4025 467 4085 certe
491 4024 524 4086 et
547 4020 704 4086 distincte
727 4022 769 4087 de
787 4022 944 4087 omnibus
968 4022 1213 4103 occasionibus,
1235 4024 1308 4089 ubi·

230 4294 249 4363 ¹)
268 4295 434 4358 Boeclrhius.
453 4297 501 4365 qui
519 4298 546 4351 In
565 4297 644 4353 PInd.
657 4298 708 4353 111
728 4314 754 4366 p.
768 4297 879 4352 XXXIII
899 4302 1070 4368 ..usurpatur⁸
1088 4299 1185 4369 inquit,
1197 4306 1309 4368 κορωνὶς

124 4386 158 4439 in
178 4384 335 4452 epodorum
348 4383 403 4437 fine
416 4400 472 4439 una
484 4400 545 4439 curn
564 4386 747 4454 paragrapho,
766 4385 789 4439 si
807 4385 1042 4453 Hephaesbonem
1059 4391 1133 4439 recte
1151 4387 1309 4456 intellego“,

123 4472 156 4525 in
187 4486 312 4525 errorem
336 4471 471 4525 abductus
496 4476 539 4525 est
563 4488 596 4525 eo
620 4488 680 4535 usu,
704 4471 750 4541 qui
774 4472 802 4525 in
821 4471 944 4525 Triclinii
967 4472 1080 4526 scholiis
1099 4472 1250 4529 PIndaricis
1277 4492 1307 4530 ra

121 4574 201 4612 vera
221 4558 393 4612 observatur.

225 4644 248 4715 ³)
267 4645 303 4700 Is.
322 4644 414 4699 Taelz.
433 4663 459 4715 p.
480 4646 521 4710 73,
540 4648 556 4699 6
575 4663 637 4716 sqq.
656 4647 710 4700 hoc
728 4646 900 4702 enuntiatum
918 4647 1028 4701 silentio
1047 4647 1239 4716 praetermisit.
