<?xml version="1.0" encoding="UTF-8"?>
<!DOCTYPE html PUBLIC "-//W3C//DTD XHTML 1.0 Transitional//EN"
    "http://www.w3.org/TR/xhtml1/DTD/xhtml1-transitional.dtd">
<html xmlns="http://www.w3.org/1999/xhtml" xml:lang="en" lang="en">
 <head>
  <title>
</title>
<meta http-equiv="Content-Type" content="text/html;charset=utf-8" />
  <meta name='ocr-system' content='tesseract 3.04.00' />
  <meta name='ocr-capabilities' content='ocr_page ocr_carea ocr_par ocr_line ocrx_word'/>
</head>
<body>
  <div class='ocr_page' id='page_1' title='image "./detacitosenecae00zimmgoog_0481.png"; bbox 0 0 3459 5200; ppageno 0'>
   <div class='ocr_carea' id='block_1_1' title="bbox 959 412 1000 477">
    <p class='ocr_par' dir='ltr' id='par_1_1' title="bbox 959 412 1000 477">
     <span class='ocr_line' id='line_1_1' title="bbox 959 412 1000 477; baseline 0 0"><span class='ocrx_word' id='word_1_1' title='bbox 959 412 1000 477; x_wconf 86' lang='lat'><strong>10</strong></span> 
     </span>
    </p>
   </div>
   <div class='ocr_carea' id='block_1_2' title="bbox 353 604 1595 1982">
    <p class='ocr_par' dir='ltr' id='par_1_2' title="bbox 353 604 1595 1765">
     <span class='ocr_line' id='line_1_2' title="bbox 362 604 1592 691; baseline 0.002 -20"><span class='ocrx_word' id='word_1_2' title='bbox 362 625 433 673; x_wconf 91' lang='lat' dir='ltr'><strong>cnm</strong></span> <span class='ocrx_word' id='word_1_3' title='bbox 461 604 517 673; x_wconf 78' lang='lat' dir='ltr'><strong>DA</strong></span> <span class='ocrx_word' id='word_1_4' title='bbox 550 625 742 673; x_wconf 87' lang='lat' dir='ltr'><strong>consensum</strong></span> <span class='ocrx_word' id='word_1_5' title='bbox 770 613 805 671; x_wconf 92' lang='lat' dir='ltr'><strong>ut</strong></span> <span class='ocrx_word' id='word_1_6' title='bbox 833 606 1021 691; x_wconf 74' lang='lat' dir='ltr'>explicaret,</span> <span class='ocrx_word' id='word_1_7' title='bbox 1054 607 1087 673; x_wconf 92' lang='lat' dir='ltr'><strong>in</strong></span> <span class='ocrx_word' id='word_1_8' title='bbox 1118 613 1254 691; x_wconf 87' lang='lat' dir='ltr'><strong>utroque</strong></span> <span class='ocrx_word' id='word_1_9' title='bbox 1285 606 1367 673; x_wconf 90' lang='lat' dir='ltr'><strong>libro</strong></span> <span class='ocrx_word' id='word_1_10' title='bbox 1397 614 1429 675; x_wconf 88' lang='lat' dir='ltr'><strong>et</strong></span> <span class='ocrx_word' id='word_1_11' title='bbox 1457 607 1480 673; x_wconf 88' lang='lat' dir='ltr'>C</span> <span class='ocrx_word' id='word_1_12' title='bbox 1509 608 1592 674; x_wconf 87' lang='lat' dir='ltr'><strong>etE</strong></span> 
     </span>
     <span class='ocr_line' id='line_1_3' title="bbox 362 712 1593 797; baseline 0.003 -18"><span class='ocrx_word' id='word_1_13' title='bbox 362 712 521 797; x_wconf 79' lang='lat' dir='ltr'><strong>genuinas</strong></span> <span class='ocrx_word' id='word_1_14' title='bbox 555 712 712 781; x_wconf 88' lang='lat' dir='ltr'><strong>lectiones</strong></span> <span class='ocrx_word' id='word_1_15' title='bbox 750 712 965 781; x_wconf 88' lang='lat' dir='ltr'><strong>coniectando</strong></span> <span class='ocrx_word' id='word_1_16' title='bbox 1004 714 1173 783; x_wconf 87' lang='lat' dir='ltr'><strong>restitutas</strong></span> <span class='ocrx_word' id='word_1_17' title='bbox 1210 734 1285 783; x_wconf 87' lang='lat' dir='ltr'><strong>esse</strong></span> <span class='ocrx_word' id='word_1_18' title='bbox 1323 714 1593 783; x_wconf 84' lang='lat' dir='ltr'><strong>artificiosissime</strong></span> 
     </span>
     <span class='ocr_line' id='line_1_4' title="bbox 362 819 1593 907; baseline 0.003 -20"><span class='ocrx_word' id='word_1_19' title='bbox 362 822 571 906; x_wconf 87' lang='lat' dir='ltr'><strong>comprobare</strong></span> <span class='ocrx_word' id='word_1_20' title='bbox 599 819 751 904; x_wconf 85' lang='lat' dir='ltr'><strong>studet.¹)</strong></span> <span class='ocrx_word' id='word_1_21' title='bbox 798 820 865 887; x_wconf 82' lang='lat' dir='ltr'><strong>Sed</strong></span> <span class='ocrx_word' id='word_1_22' title='bbox 888 822 956 889; x_wconf 85' lang='lat' dir='ltr'><strong>reri</strong></span> <span class='ocrx_word' id='word_1_23' title='bbox 980 842 1053 889; x_wconf 91' lang='lat' dir='ltr'><strong>esse</strong></span> <span class='ocrx_word' id='word_1_24' title='bbox 1082 822 1331 889; x_wconf 87' lang='lat' dir='ltr'><strong>dissimillimum</strong></span> <span class='ocrx_word' id='word_1_25' title='bbox 1360 821 1437 889; x_wconf 89' lang='lat' dir='ltr'><strong>mihi</strong></span> <span class='ocrx_word' id='word_1_26' title='bbox 1461 823 1593 907; x_wconf 87' lang='lat' dir='ltr'><strong>quidem</strong></span> 
     </span>
     <span class='ocr_line' id='line_1_5' title="bbox 361 927 1593 1017; baseline 0.002 -22"><span class='ocrx_word' id='word_1_27' title='bbox 361 928 490 996; x_wconf 83' lang='lat' dir='ltr'><strong>ridetur</strong></span> <span class='ocrx_word' id='word_1_28' title='bbox 516 927 683 995; x_wconf 87' lang='lat' dir='ltr'><strong>librarium</strong></span> <span class='ocrx_word' id='word_1_29' title='bbox 704 927 907 1009; x_wconf 82' lang='lat' dir='ltr'><strong>Famesiani,</strong></span> <span class='ocrx_word' id='word_1_30' title='bbox 937 930 992 1014; x_wconf 87' lang='lat' dir='ltr'><strong>qui</strong></span> <span class='ocrx_word' id='word_1_31' title='bbox 1015 930 1133 996; x_wconf 84' lang='lat' dir='ltr'><strong>multas</strong></span> <span class='ocrx_word' id='word_1_32' title='bbox 1156 929 1326 1016; x_wconf 87' lang='lat' dir='ltr'><strong>archetypi</strong></span> <span class='ocrx_word' id='word_1_33' title='bbox 1356 930 1407 997; x_wconf 88' lang='lat' dir='ltr'><strong>sui</strong></span> <span class='ocrx_word' id='word_1_34' title='bbox 1430 932 1593 1017; x_wconf 85' lang='lat' dir='ltr'><strong>receperit</strong></span> 
     </span>
     <span class='ocr_line' id='line_1_6' title="bbox 361 1035 1593 1125; baseline 0.002 -22"><span class='ocrx_word' id='word_1_35' title='bbox 361 1036 570 1121; x_wconf 84' lang='lat' dir='ltr'><strong>corruptelas,</strong></span> <span class='ocrx_word' id='word_1_36' title='bbox 603 1035 736 1120; x_wconf 85' lang='lat' dir='ltr'><strong>saepius</strong></span> <span class='ocrx_word' id='word_1_37' title='bbox 767 1035 849 1121; x_wconf 88' lang='lat' dir='ltr'><strong>ipsis</strong></span> <span class='ocrx_word' id='word_1_38' title='bbox 882 1036 930 1104; x_wconf 90' lang='lat' dir='ltr'><strong>eis</strong></span> <span class='ocrx_word' id='word_1_39' title='bbox 963 1037 1044 1105; x_wconf 85' lang='lat' dir='ltr'><strong>locis</strong></span> <span class='ocrx_word' id='word_1_40' title='bbox 1074 1036 1115 1103; x_wconf 91' lang='lat' dir='ltr'><strong>de</strong></span> <span class='ocrx_word' id='word_1_41' title='bbox 1148 1036 1361 1105; x_wconf 77' lang='lat' dir='ltr'>emendandis</span> <span class='ocrx_word' id='word_1_42' title='bbox 1394 1039 1593 1125; x_wconf 86' lang='lat' dir='ltr'><strong>exemplaris</strong></span> 
     </span>
     <span class='ocr_line' id='line_1_7' title="bbox 361 1142 1593 1229; baseline 0.002 -20"><span class='ocrx_word' id='word_1_43' title='bbox 361 1142 412 1209; x_wconf 90' lang='lat' dir='ltr'><strong>sni</strong></span> <span class='ocrx_word' id='word_1_44' title='bbox 430 1143 620 1229; x_wconf 85' lang='lat' dir='ltr'><strong>corruptelis</strong></span> <span class='ocrx_word' id='word_1_45' title='bbox 638 1142 805 1226; x_wconf 85' lang='lat' dir='ltr'><strong>cogitasse</strong></span> <span class='ocrx_word' id='word_1_46' title='bbox 823 1143 940 1227; x_wconf 90' lang='lat' dir='ltr'><strong>quibus</strong></span> <span class='ocrx_word' id='word_1_47' title='bbox 961 1143 1170 1211; x_wconf 88' lang='lat' dir='ltr'><strong>Ottobcniani</strong></span> <span class='ocrx_word' id='word_1_48' title='bbox 1188 1164 1419 1213; x_wconf 80' lang='lat' dir='ltr'><strong>amanuensem</strong></span> <span class='ocrx_word' id='word_1_49' title='bbox 1438 1145 1593 1213; x_wconf 84' lang='lat' dir='ltr'><strong>eandem-</strong></span> 
     </span>
     <span class='ocr_line' id='line_1_8' title="bbox 361 1249 1592 1338; baseline 0.004 -22"><span class='ocrx_word' id='word_1_50' title='bbox 361 1269 423 1335; x_wconf 87' lang='lat' dir='ltr'><strong>que</strong></span> <span class='ocrx_word' id='word_1_51' title='bbox 446 1270 544 1335; x_wconf 90' lang='lat' dir='ltr'><strong>qnam</strong></span> <span class='ocrx_word' id='word_1_52' title='bbox 566 1249 658 1316; x_wconf 89' lang='lat' dir='ltr'><strong>illum</strong></span> <span class='ocrx_word' id='word_1_53' title='bbox 679 1250 844 1317; x_wconf 88' lang='lat' dir='ltr'><strong>invenisse</strong></span> <span class='ocrx_word' id='word_1_54' title='bbox 866 1250 1038 1321; x_wconf 85' lang='lat' dir='ltr'><strong>medelam.</strong></span> <span class='ocrx_word' id='word_1_55' title='bbox 1075 1251 1236 1338; x_wconf 78' lang='lat' dir='ltr'>Imprimis</span> <span class='ocrx_word' id='word_1_56' title='bbox 1261 1272 1311 1337; x_wconf 85' lang='lat' dir='ltr'><strong>cp.</strong></span> <span class='ocrx_word' id='word_1_57' title='bbox 1332 1255 1427 1321; x_wconf 64' lang='lat'>1031</span> <span class='ocrx_word' id='word_1_58' title='bbox 1444 1260 1476 1321; x_wconf 91' lang='lat' dir='ltr'><strong>et</strong></span> <span class='ocrx_word' id='word_1_59' title='bbox 1491 1256 1592 1322; x_wconf 74' lang='grc'><strong>2021</strong></span> 
     </span>
     <span class='ocr_line' id='line_1_9' title="bbox 361 1356 1594 1443; baseline 0.002 -18"><span class='ocrx_word' id='word_1_60' title='bbox 361 1356 545 1442; x_wconf 77' lang='lat' dir='ltr'><strong>Steudingii</strong></span> <span class='ocrx_word' id='word_1_61' title='bbox 577 1357 686 1443; x_wconf 85' lang='lat' dir='ltr'><strong>opinio</strong></span> <span class='ocrx_word' id='word_1_62' title='bbox 714 1356 791 1423; x_wconf 82' lang='lat' dir='ltr'><strong>ferri</strong></span> <span class='ocrx_word' id='word_1_63' title='bbox 822 1360 944 1443; x_wconf 90' lang='lat' dir='ltr'><strong>nequit.</strong></span> <span class='ocrx_word' id='word_1_64' title='bbox 995 1359 1055 1425; x_wconf 87' lang='lat' dir='ltr'><strong>Ilio</strong></span> <span class='ocrx_word' id='word_1_65' title='bbox 1085 1360 1170 1427; x_wconf 86' lang='lat' dir='ltr'><strong>enirn</strong></span> <span class='ocrx_word' id='word_1_66' title='bbox 1202 1359 1274 1426; x_wconf 90' lang='lat' dir='ltr'><strong>loco</strong></span> <span class='ocrx_word' id='word_1_67' title='bbox 1308 1360 1495 1427; x_wconf 86' lang='lat' dir='ltr'><strong>coniectura</strong></span> <span class='ocrx_word' id='word_1_68' title='bbox 1523 1384 1594 1427; x_wconf 75' lang='lat' dir='ltr'><strong>cca</strong></span> 
     </span>
     <span class='ocr_line' id='line_1_10' title="bbox 353 1464 1594 1551; baseline 0.002 -20"><span class='ocrx_word' id='word_1_69' title='bbox 353 1470 467 1550; x_wconf 60' lang='lat' dir='ltr'><strong>sumere</strong></span> <span class='ocrx_word' id='word_1_70' title='bbox 498 1465 629 1533; x_wconf 91' lang='lat' dir='ltr'><strong>minime</strong></span> <span class='ocrx_word' id='word_1_71' title='bbox 657 1472 724 1531; x_wconf 85' lang='lat' dir='ltr'><strong>tam</strong></span> <span class='ocrx_word' id='word_1_72' title='bbox 751 1464 859 1533; x_wconf 84' lang='lat' dir='ltr'><strong>facilis</strong></span> <span class='ocrx_word' id='word_1_73' title='bbox 892 1473 951 1551; x_wconf 79' lang='lat' dir='ltr'><strong>cst,</strong></span> <span class='ocrx_word' id='word_1_74' title='bbox 983 1474 1018 1533; x_wconf 90' lang='lat' dir='ltr'><strong>ut</strong></span> <span class='ocrx_word' id='word_1_75' title='bbox 1045 1467 1088 1534; x_wconf 89' lang='lat' dir='ltr'><strong>ab</strong></span> <span class='ocrx_word' id='word_1_76' title='bbox 1121 1474 1256 1551; x_wconf 88' lang='lat' dir='ltr'><strong>utroque</strong></span> <span class='ocrx_word' id='word_1_77' title='bbox 1287 1466 1420 1535; x_wconf 87' lang='lat' dir='ltr'><strong>librario</strong></span> <span class='ocrx_word' id='word_1_78' title='bbox 1453 1468 1594 1535; x_wconf 83' lang='lat' dir='ltr'><strong>inveniri</strong></span> 
     </span>
     <span class='ocr_line' id='line_1_11' title="bbox 359 1571 1595 1661; baseline 0.003 -22"><span class='ocrx_word' id='word_1_79' title='bbox 359 1572 517 1659; x_wconf 83' lang='lat' dir='ltr'><strong>potuerit;</strong></span> <span class='ocrx_word' id='word_1_80' title='bbox 549 1571 709 1638; x_wconf 90' lang='lat' dir='ltr'><strong>hocloco</strong></span> <span class='ocrx_word' id='word_1_81' title='bbox 736 1572 899 1658; x_wconf 85' lang='lat' dir='ltr'><strong>particula</strong></span> <span class='ocrx_word' id='word_1_82' title='bbox 931 1577 1012 1639; x_wconf 80' lang='lat' dir='ltr'><strong>caim</strong></span> <span class='ocrx_word' id='word_1_83' title='bbox 1043 1594 1107 1640; x_wconf 93' lang='lat' dir='ltr'><strong>non</strong></span> <span class='ocrx_word' id='word_1_84' title='bbox 1139 1574 1187 1640; x_wconf 87' lang='lat' dir='ltr'><strong>ita</strong></span> <span class='ocrx_word' id='word_1_85' title='bbox 1219 1572 1433 1660; x_wconf 85' lang='lat' dir='ltr'><strong>desiderator,</strong></span> <span class='ocrx_word' id='word_1_86' title='bbox 1465 1582 1502 1641; x_wconf 88' lang='lat' dir='ltr'><strong>ut</strong></span> <span class='ocrx_word' id='word_1_87' title='bbox 1533 1596 1595 1661; x_wconf 87' lang='lat' dir='ltr'><strong>per</strong></span> 
     </span>
     <span class='ocr_line' id='line_1_12' title="bbox 361 1678 1381 1765; baseline 0.003 -19"><span class='ocrx_word' id='word_1_88' title='bbox 361 1680 579 1746; x_wconf 86' lang='lat' dir='ltr'><strong>coniecturam</strong></span> <span class='ocrx_word' id='word_1_89' title='bbox 602 1678 635 1745; x_wconf 93' lang='lat' dir='ltr'><strong>in</strong></span> <span class='ocrx_word' id='word_1_90' title='bbox 659 1680 816 1747; x_wconf 91' lang='lat' dir='ltr'><strong>sermonis</strong></span> <span class='ocrx_word' id='word_1_91' title='bbox 840 1679 1086 1749; x_wconf 77' lang='lat' dir='ltr'><strong>continuitatem</strong></span> <span class='ocrx_word' id='word_1_92' title='bbox 1109 1680 1207 1747; x_wconf 92' lang='lat' dir='ltr'><strong>inseri</strong></span> <span class='ocrx_word' id='word_1_93' title='bbox 1230 1681 1381 1765; x_wconf 87' lang='lat' dir='ltr'><strong>potuerit.</strong></span> 
     </span>
    </p>

    <p class='ocr_par' dir='ltr' id='par_1_3' title="bbox 360 1786 1593 1982">
     <span class='ocr_line' id='line_1_13' title="bbox 448 1786 1593 1877; baseline -0.002 -19"><span class='ocrx_word' id='word_1_94' title='bbox 448 1788 563 1871; x_wconf 86' lang='lat' dir='ltr'><strong>Neque</strong></span> <span class='ocrx_word' id='word_1_95' title='bbox 592 1787 698 1853; x_wconf 91' lang='lat' dir='ltr'><strong>minus</strong></span> <span class='ocrx_word' id='word_1_96' title='bbox 729 1788 793 1855; x_wconf 91' lang='lat' dir='ltr'><strong>loci</strong></span> <span class='ocrx_word' id='word_1_97' title='bbox 830 1794 1003 1871; x_wconf 81' lang='lat' dir='ltr'><strong>sequentes</strong></span> <span class='ocrx_word' id='word_1_98' title='bbox 1034 1788 1204 1873; x_wconf 88' lang='lat' dir='ltr'><strong>quominus</strong></span> <span class='ocrx_word' id='word_1_99' title='bbox 1238 1786 1318 1855; x_wconf 76' lang='lat' dir='ltr'><strong>cun</strong></span> <span class='ocrx_word' id='word_1_100' title='bbox 1350 1788 1395 1855; x_wconf 86' lang='lat' dir='ltr'><strong>ad</strong></span> <span class='ocrx_word' id='word_1_101' title='bbox 1426 1789 1593 1877; x_wconf 86' lang='lat' dir='ltr'><strong>proprium</strong></span> 
     </span>
     <span class='ocr_line' id='line_1_14' title="bbox 360 1892 1205 1982; baseline 0 -21"><span class='ocrx_word' id='word_1_102' title='bbox 360 1894 466 1963; x_wconf 86' lang='lat' dir='ltr'><strong>redire</strong></span> <span class='ocrx_word' id='word_1_103' title='bbox 488 1893 701 1981; x_wconf 82' lang='lat' dir='ltr'><strong>archetypum</strong></span> <span class='ocrx_word' id='word_1_104' title='bbox 723 1892 771 1981; x_wconf 83' lang='lat' dir='ltr'><strong>(x)</strong></span> <span class='ocrx_word' id='word_1_105' title='bbox 795 1914 986 1963; x_wconf 85' lang='lat' dir='ltr'><strong>censeamus</strong></span> <span class='ocrx_word' id='word_1_106' title='bbox 1010 1894 1205 1982; x_wconf 85' lang='lat' dir='ltr'><strong>impediunt:</strong></span> 
     </span>
    </p>
   </div>
   <div class='ocr_carea' id='block_1_3' title="bbox 725 2036 1297 2105">
    <p class='ocr_par' dir='ltr' id='par_1_4' title="bbox 725 2036 1297 2105">
     <span class='ocr_line' id='line_1_15' title="bbox 725 2036 1297 2105; baseline 0 -2"><span class='ocrx_word' id='word_1_107' title='bbox 725 2036 849 2103; x_wconf 83' lang='grc' dir='ltr'><strong>ΑΒΕΔ</strong></span> <span class='ocrx_word' id='word_1_108' title='bbox 1240 2038 1297 2105; x_wconf 81' lang='grc' dir='ltr'><strong>ΟΙ)</strong></span> 
     </span>
    </p>
   </div>
   <div class='ocr_carea' id='block_1_4' title="bbox 355 2161 1595 4205">
    <p class='ocr_par' dir='ltr' id='par_1_5' title="bbox 468 2161 1483 2880">
     <span class='ocr_line' id='line_1_16' title="bbox 468 2161 1203 2250; baseline 0.004 -22"><span class='ocrx_word' id='word_1_109' title='bbox 468 2161 545 2233; x_wconf 88' lang='lat' dir='ltr'><strong>dial.</strong></span> <span class='ocrx_word' id='word_1_110' title='bbox 596 2164 651 2232; x_wconf 80' lang='lat' dir='ltr'><strong>r.4</strong></span> <span class='ocrx_word' id='word_1_111' title='bbox 690 2173 874 2249; x_wconf 82' lang='lat' dir='ltr'><strong>praeturam</strong></span> <span class='ocrx_word' id='word_1_112' title='bbox 1050 2173 1203 2250; x_wconf 75' lang='lat' dir='ltr'><strong>praetore</strong></span> 
     </span>
     <span class='ocr_line' id='line_1_17' title="bbox 575 2269 1230 2339; baseline 0 0"><span class='ocrx_word' id='word_1_113' title='bbox 575 2272 648 2339; x_wconf 72' lang='lat' dir='ltr'><strong>lto</strong></span> <span class='ocrx_word' id='word_1_114' title='bbox 692 2273 875 2339; x_wconf 65' lang='lat' dir='ltr'><strong>adscribatis</strong></span> <span class='ocrx_word' id='word_1_115' title='bbox 897 2269 952 2337; x_wconf 84' lang='grc' dir='ltr'><strong>ΑΔ</strong></span> <span class='ocrx_word' id='word_1_116' title='bbox 1056 2274 1230 2339; x_wconf 71' lang='lat' dir='ltr'><strong>odactbittr</strong></span> 
     </span>
     <span class='ocr_line' id='line_1_18' title="bbox 693 2379 934 2447; baseline 0 -2"><span class='ocrx_word' id='word_1_117' title='bbox 693 2382 855 2447; x_wconf 60' lang='lat' dir='ltr'><strong>necatae</strong></span> <span class='ocrx_word' id='word_1_118' title='bbox 879 2379 934 2446; x_wconf 80' lang='lat' dir='ltr'><strong>BE</strong></span> 
     </span>
     <span class='ocr_line' id='line_1_19' title="bbox 575 2487 1483 2575; baseline -0.002 -21"><span class='ocrx_word' id='word_1_119' title='bbox 575 2489 669 2555; x_wconf 77' lang='lat' dir='ltr'><strong>ltlt</strong></span> <span class='ocrx_word' id='word_1_120' title='bbox 694 2496 813 2554; x_wconf 78' lang='lat' dir='ltr'><strong>centum</strong></span> <span class='ocrx_word' id='word_1_121' title='bbox 836 2496 865 2553; x_wconf 88' lang='lat' dir='ltr'><strong>ct</strong></span> <span class='ocrx_word' id='word_1_122' title='bbox 887 2490 986 2554; x_wconf 83' lang='lat' dir='ltr'><strong>decem</strong></span> <span class='ocrx_word' id='word_1_123' title='bbox 1057 2488 1103 2554; x_wconf 78' lang='lat'><strong>.0.</strong></span> <span class='ocrx_word' id='word_1_124' title='bbox 1118 2490 1266 2571; x_wconf 69' lang='lat' dir='ltr'><strong>ctoiyinii</strong></span> <span class='ocrx_word' id='word_1_125' title='bbox 1279 2487 1375 2575; x_wconf 67' lang='grc' dir='ltr'><strong>0οψ</strong></span> <span class='ocrx_word' id='word_1_126' title='bbox 1387 2487 1483 2553; x_wconf 76' lang='lat' dir='ltr'><strong>cca-D</strong></span> 
     </span>
     <span class='ocr_line' id='line_1_20' title="bbox 575 2596 1226 2681; baseline 0 -19"><span class='ocrx_word' id='word_1_127' title='bbox 575 2596 670 2664; x_wconf 84' lang='grc'><strong>18.32</strong></span> <span class='ocrx_word' id='word_1_128' title='bbox 693 2600 862 2681; x_wconf 69' lang='lat' dir='ltr'><strong>interuoyac</strong></span> <span class='ocrx_word' id='word_1_129' title='bbox 1054 2599 1226 2679; x_wconf 62' lang='lat' dir='ltr'><strong>muroque</strong></span> 
     </span>
     <span class='ocr_line' id='line_1_21' title="bbox 573 2705 1151 2788; baseline 0 -18"><span class='ocrx_word' id='word_1_130' title='bbox 573 2705 670 2772; x_wconf 84' lang='grc'><strong>2228</strong></span> <span class='ocrx_word' id='word_1_131' title='bbox 687 2707 802 2788; x_wconf 69' lang='lat' dir='ltr'><strong>sayitet</strong></span> <span class='ocrx_word' id='word_1_132' title='bbox 1047 2706 1151 2788; x_wconf 70' lang='lat' dir='ltr'><strong>saciet</strong></span> 
     </span>
     <span class='ocr_line' id='line_1_22' title="bbox 574 2813 1204 2880; baseline -0.003 0"><span class='ocrx_word' id='word_1_133' title='bbox 574 2813 671 2880; x_wconf 75' lang='lat'><strong>2624</strong></span> <span class='ocrx_word' id='word_1_134' title='bbox 694 2813 826 2878; x_wconf 79' lang='lat' dir='ltr'><strong>deiectus</strong></span> <span class='ocrx_word' id='word_1_135' title='bbox 1054 2813 1204 2878; x_wconf 84' lang='lat' dir='ltr'><strong>devectas.</strong></span> 
     </span>
    </p>

    <p class='ocr_par' dir='ltr' id='par_1_6' title="bbox 355 2921 1595 4205">
     <span class='ocr_line' id='line_1_23' title="bbox 446 2921 1595 3022; baseline 0.003 -22"><span class='ocrx_word' id='word_1_136' title='bbox 446 2934 615 3001; x_wconf 75' lang='lat' dir='ltr'><strong>Michaelis</strong></span> <span class='ocrx_word' id='word_1_137' title='bbox 643 2955 716 3002; x_wconf 91' lang='lat' dir='ltr'><strong>cum</strong></span> <span class='ocrx_word' id='word_1_138' title='bbox 745 2921 780 3002; x_wconf 90' lang='lat' dir='ltr'><strong>in</strong></span> <span class='ocrx_word' id='word_1_139' title='bbox 805 2934 908 3022; x_wconf 84' lang='lat' dir='ltr'><strong>praei.</strong></span> <span class='ocrx_word' id='word_1_140' title='bbox 938 2957 970 3022; x_wconf 88' lang='lat' dir='ltr'><strong>p.</strong></span> <span class='ocrx_word' id='word_1_141' title='bbox 994 2935 1088 3002; x_wconf 88' lang='lat' dir='ltr'>XVII</span> <span class='ocrx_word' id='word_1_142' title='bbox 1111 2934 1187 3004; x_wconf 87' lang='lat' dir='ltr'><strong>adn.</strong></span> <span class='ocrx_word' id='word_1_143' title='bbox 1213 2937 1254 3004; x_wconf 89' lang='lat'><strong>18</strong></span> <span class='ocrx_word' id='word_1_144' title='bbox 1283 2923 1365 3002; x_wconf 89' lang='lat' dir='ltr'><strong>baec</strong></span> <span class='ocrx_word' id='word_1_145' title='bbox 1393 2935 1500 3003; x_wconf 80' lang='lat' dir='ltr'><strong>affert:</strong></span> <span class='ocrx_word' id='word_1_146' title='bbox 1538 2945 1595 3002; x_wconf 81' lang='lat' dir='ltr'><strong>»at</strong></span> 
     </span>
     <span class='ocr_line' id='line_1_24' title="bbox 358 3041 1593 3130; baseline 0.001 -23"><span class='ocrx_word' id='word_1_147' title='bbox 358 3062 422 3108; x_wconf 93' lang='lat' dir='ltr'><strong>non</strong></span> <span class='ocrx_word' id='word_1_148' title='bbox 450 3041 532 3110; x_wconf 85' lang='lat' dir='ltr'><strong>satis</strong></span> <span class='ocrx_word' id='word_1_149' title='bbox 560 3043 733 3130; x_wconf 84' lang='lat' dir='ltr'><strong>perspicio,</strong></span> <span class='ocrx_word' id='word_1_150' title='bbox 762 3042 923 3128; x_wconf 91' lang='lat' dir='ltr'><strong>quomodo</strong></span> <span class='ocrx_word' id='word_1_151' title='bbox 952 3041 1072 3110; x_wconf 87' lang='lat' dir='ltr'><strong>factum</strong></span> <span class='ocrx_word' id='word_1_152' title='bbox 1098 3043 1149 3129; x_wconf 74' lang='lat' dir='ltr'><strong>sit,</strong></span> <span class='ocrx_word' id='word_1_153' title='bbox 1177 3051 1212 3110; x_wconf 90' lang='lat' dir='ltr'><strong>ut</strong></span> <span class='ocrx_word' id='word_1_154' title='bbox 1241 3064 1305 3110; x_wconf 92' lang='lat' dir='ltr'><strong>uon</strong></span> <span class='ocrx_word' id='word_1_155' title='bbox 1332 3063 1508 3128; x_wconf 87' lang='lat' dir='ltr'><strong>numquam</strong></span> <span class='ocrx_word' id='word_1_156' title='bbox 1533 3043 1593 3110; x_wconf 78' lang='lat'><strong>01)</strong></span> 
     </span>
     <span class='ocr_line' id='line_1_25' title="bbox 358 3149 1594 3236; baseline 0.002 -21"><span class='ocrx_word' id='word_1_157' title='bbox 358 3149 569 3235; x_wconf 73' lang='lat' dir='ltr'><strong>consentiant,</strong></span> <span class='ocrx_word' id='word_1_158' title='bbox 604 3171 675 3217; x_wconf 90' lang='lat' dir='ltr'><strong>cum</strong></span> <span class='ocrx_word' id='word_1_159' title='bbox 702 3149 728 3216; x_wconf 90' lang='grc' dir='ltr'><strong>Δ</strong></span> <span class='ocrx_word' id='word_1_160' title='bbox 755 3157 896 3236; x_wconf 87' lang='lat' dir='ltr'><strong>aparte</strong></span> <span class='ocrx_word' id='word_1_161' title='bbox 931 3156 1109 3217; x_wconf 89' lang='lat' dir='ltr'><strong>ceterorum</strong></span> <span class='ocrx_word' id='word_1_162' title='bbox 1136 3151 1288 3218; x_wconf 89' lang='lat' dir='ltr'><strong>librorum</strong></span> <span class='ocrx_word' id='word_1_163' title='bbox 1315 3156 1387 3216; x_wconf 88' lang='lat' dir='ltr'><strong>stet.</strong></span> <span class='ocrx_word' id='word_1_164' title='bbox 1434 3150 1594 3218; x_wconf 84' lang='lat' dir='ltr'><strong>Fortasse</strong></span> 
     </span>
     <span class='ocr_line' id='line_1_26' title="bbox 357 3255 1593 3345; baseline 0.002 -23"><span class='ocrx_word' id='word_1_165' title='bbox 357 3255 419 3323; x_wconf 91' lang='lat' dir='ltr'><strong>boc</strong></span> <span class='ocrx_word' id='word_1_166' title='bbox 444 3257 493 3323; x_wconf 88' lang='lat' dir='ltr'><strong>ita</strong></span> <span class='ocrx_word' id='word_1_167' title='bbox 522 3257 680 3344; x_wconf 82' lang='lat' dir='ltr'><strong>explicari</strong></span> <span class='ocrx_word' id='word_1_168' title='bbox 706 3264 823 3345; x_wconf 73' lang='lat' dir='ltr'><strong>potest</strong></span> <span class='ocrx_word' id='word_1_169' title='bbox 852 3265 888 3324; x_wconf 90' lang='lat' dir='ltr'><strong>ut</strong></span> <span class='ocrx_word' id='word_1_170' title='bbox 914 3256 940 3323; x_wconf 90' lang='grc' dir='ltr'><strong>Δ</strong></span> <span class='ocrx_word' id='word_1_171' title='bbox 968 3257 1128 3324; x_wconf 87' lang='lat' dir='ltr'><strong>interdum</strong></span> <span class='ocrx_word' id='word_1_172' title='bbox 1156 3257 1302 3324; x_wconf 88' lang='lat' dir='ltr'><strong>codicem</strong></span> <span class='ocrx_word' id='word_1_173' title='bbox 1329 3257 1357 3322; x_wconf 84' lang='lat' dir='ltr'>E</span> <span class='ocrx_word' id='word_1_174' title='bbox 1386 3259 1593 3326; x_wconf 87' lang='lat' dir='ltr'><strong>consuluisse</strong></span> 
     </span>
     <span class='ocr_line' id='line_1_27' title="bbox 359 3363 1591 3453; baseline 0.001 -22"><span class='ocrx_word' id='word_1_175' title='bbox 359 3363 562 3451; x_wconf 77' lang='lat' dir='ltr'><strong>credamus«,</strong></span> <span class='ocrx_word' id='word_1_176' title='bbox 585 3371 706 3449; x_wconf 85' lang='lat' dir='ltr'><strong>quanto</strong></span> <span class='ocrx_word' id='word_1_177' title='bbox 730 3385 829 3453; x_wconf 90' lang='lat' dir='ltr'><strong>opere</strong></span> <span class='ocrx_word' id='word_1_178' title='bbox 850 3365 929 3432; x_wconf 92' lang='lat' dir='ltr'><strong>illae</strong></span> <span class='ocrx_word' id='word_1_179' title='bbox 952 3364 1109 3433; x_wconf 85' lang='lat' dir='ltr'><strong>lectiones</strong></span> <span class='ocrx_word' id='word_1_180' title='bbox 1132 3385 1205 3432; x_wconf 92' lang='lat' dir='ltr'><strong>cum</strong></span> <span class='ocrx_word' id='word_1_181' title='bbox 1228 3371 1397 3432; x_wconf 89' lang='lat' dir='ltr'><strong>stemmate</strong></span> <span class='ocrx_word' id='word_1_182' title='bbox 1420 3365 1477 3431; x_wconf 94' lang='lat' dir='ltr'><strong>illo</strong></span> <span class='ocrx_word' id='word_1_183' title='bbox 1502 3366 1591 3450; x_wconf 91' lang='lat' dir='ltr'><strong>quod</strong></span> 
     </span>
     <span class='ocr_line' id='line_1_28' title="bbox 356 3471 1590 3560; baseline 0.003 -24"><span class='ocrx_word' id='word_1_184' title='bbox 356 3471 527 3559; x_wconf 90' lang='lat' dir='ltr'><strong>proposuit</strong></span> <span class='ocrx_word' id='word_1_185' title='bbox 554 3492 620 3538; x_wconf 91' lang='lat' dir='ltr'><strong>non</strong></span> <span class='ocrx_word' id='word_1_186' title='bbox 642 3473 846 3540; x_wconf 85' lang='lat' dir='ltr'><strong>consentiant</strong></span> <span class='ocrx_word' id='word_1_187' title='bbox 872 3473 974 3539; x_wconf 89' lang='lat' dir='ltr'><strong>libere</strong></span> <span class='ocrx_word' id='word_1_188' title='bbox 1002 3471 1179 3560; x_wconf 86' lang='lat' dir='ltr'><strong>profitetur.</strong></span> <span class='ocrx_word' id='word_1_189' title='bbox 1225 3472 1275 3538; x_wconf 81' lang='lat' dir='ltr'><strong>Ea</strong></span> <span class='ocrx_word' id='word_1_190' title='bbox 1297 3493 1375 3540; x_wconf 81' lang='lat' dir='ltr'><strong>vero</strong></span> <span class='ocrx_word' id='word_1_191' title='bbox 1399 3472 1590 3558; x_wconf 82' lang='lat' dir='ltr'><strong>explicatio,</strong></span> 
     </span>
     <span class='ocr_line' id='line_1_29' title="bbox 358 3578 1591 3666; baseline 0.002 -22"><span class='ocrx_word' id='word_1_192' title='bbox 358 3600 455 3663; x_wconf 85' lang='lat' dir='ltr'><strong>quam</strong></span> <span class='ocrx_word' id='word_1_193' title='bbox 468 3580 648 3665; x_wconf 70' lang='lat' dir='ltr'><strong>temptavit,</strong></span> <span class='ocrx_word' id='word_1_194' title='bbox 667 3579 874 3648; x_wconf 87' lang='lat' dir='ltr'><strong>artificiosior</strong></span> <span class='ocrx_word' id='word_1_195' title='bbox 889 3587 948 3665; x_wconf 80' lang='lat' dir='ltr'><strong>est,</strong></span> <span class='ocrx_word' id='word_1_196' title='bbox 967 3600 1065 3665; x_wconf 85' lang='lat' dir='ltr'><strong>quam</strong></span> <span class='ocrx_word' id='word_1_197' title='bbox 1084 3587 1120 3646; x_wconf 84' lang='lat' dir='ltr'><strong>ut</strong></span> <span class='ocrx_word' id='word_1_198' title='bbox 1138 3579 1203 3666; x_wconf 85' lang='lat' dir='ltr'><strong>ipsi</strong></span> <span class='ocrx_word' id='word_1_199' title='bbox 1225 3578 1307 3647; x_wconf 86' lang='lat' dir='ltr'><strong>satis</strong></span> <span class='ocrx_word' id='word_1_200' title='bbox 1325 3581 1464 3666; x_wconf 89' lang='lat' dir='ltr'><strong>placeat.</strong></span> <span class='ocrx_word' id='word_1_201' title='bbox 1504 3579 1591 3649; x_wconf 87' lang='lat' dir='ltr'><strong>Nam</strong></span> 
     </span>
     <span class='ocr_line' id='line_1_30' title="bbox 357 3686 1591 3774; baseline 0.003 -24"><span class='ocrx_word' id='word_1_202' title='bbox 357 3686 436 3771; x_wconf 88' lang='lat' dir='ltr'><strong>quid</strong></span> <span class='ocrx_word' id='word_1_203' title='bbox 458 3694 568 3774; x_wconf 89' lang='lat' dir='ltr'><strong>potest</strong></span> <span class='ocrx_word' id='word_1_204' title='bbox 594 3688 730 3772; x_wconf 79' lang='lat' dir='ltr'><strong>cogitari</strong></span> <span class='ocrx_word' id='word_1_205' title='bbox 754 3687 921 3756; x_wconf 84' lang='lat' dir='ltr'><strong>difficilius</strong></span> <span class='ocrx_word' id='word_1_206' title='bbox 950 3709 1047 3772; x_wconf 91' lang='lat' dir='ltr'><strong>quam</strong></span> <span class='ocrx_word' id='word_1_207' title='bbox 1069 3688 1169 3756; x_wconf 90' lang='lat' dir='ltr'><strong>libros</strong></span> <span class='ocrx_word' id='word_1_208' title='bbox 1192 3686 1246 3754; x_wconf 77' lang='grc' dir='ltr'><strong>ΕΔ</strong></span> <span class='ocrx_word' id='word_1_209' title='bbox 1269 3688 1316 3755; x_wconf 84' lang='lat' dir='ltr'><strong>ita</strong></span> <span class='ocrx_word' id='word_1_210' title='bbox 1339 3688 1532 3774; x_wconf 82' lang='lat' dir='ltr'><strong>consentire,</strong></span> <span class='ocrx_word' id='word_1_211' title='bbox 1556 3695 1591 3756; x_wconf 90' lang='lat' dir='ltr'><strong>ut</strong></span> 
     </span>
     <span class='ocr_line' id='line_1_31' title="bbox 358 3793 1589 3882; baseline 0.001 -21"><span class='ocrx_word' id='word_1_212' title='bbox 358 3793 594 3879; x_wconf 86' lang='lat' dir='ltr'><strong>Ottobonianus</strong></span> <span class='ocrx_word' id='word_1_213' title='bbox 622 3815 640 3860; x_wconf 92' lang='lat' dir='ltr'><strong>e</strong></span> <span class='ocrx_word' id='word_1_214' title='bbox 668 3794 781 3864; x_wconf 87' lang='lat' dir='ltr'><strong>codice</strong></span> <span class='ocrx_word' id='word_1_215' title='bbox 812 3796 955 3880; x_wconf 90' lang='lat' dir='ltr'><strong>quodam</strong></span> <span class='ocrx_word' id='word_1_216' title='bbox 987 3795 1132 3862; x_wconf 81' lang='lat' dir='ltr'><strong>familiae</strong></span> <span class='ocrx_word' id='word_1_217' title='bbox 1161 3797 1202 3882; x_wconf 81' lang='lat' dir='ltr'><strong>X,</strong></span> <span class='ocrx_word' id='word_1_218' title='bbox 1238 3794 1264 3861; x_wconf 91' lang='grc' dir='ltr'>Δ</span> <span class='ocrx_word' id='word_1_219' title='bbox 1296 3817 1338 3862; x_wconf 84' lang='lat' dir='ltr'><strong>ex</strong></span> <span class='ocrx_word' id='word_1_220' title='bbox 1369 3795 1589 3863; x_wconf 76' lang='lat' dir='ltr'><strong>ottoboniano</strong></span> 
     </span>
     <span class='ocr_line' id='line_1_32' title="bbox 357 3902 1589 3988; baseline 0.002 -20"><span class='ocrx_word' id='word_1_221' title='bbox 357 3909 519 3970; x_wconf 88' lang='lat' dir='ltr'><strong>correctas</strong></span> <span class='ocrx_word' id='word_1_222' title='bbox 542 3902 699 3970; x_wconf 86' lang='lat' dir='ltr'><strong>lectiones</strong></span> <span class='ocrx_word' id='word_1_223' title='bbox 722 3903 972 3970; x_wconf 76' lang='lat' dir='ltr'><strong>transcriberet?</strong></span> <span class='ocrx_word' id='word_1_224' title='bbox 1019 3902 1265 3988; x_wconf 83' lang='lat' dir='ltr'><strong>Steudingius¹)</strong></span> <span class='ocrx_word' id='word_1_225' title='bbox 1288 3902 1435 3970; x_wconf 90' lang='lat' dir='ltr'><strong>codicum</strong></span> <span class='ocrx_word' id='word_1_226' title='bbox 1459 3903 1485 3970; x_wconf 84' lang='lat' dir='ltr'>O</span> <span class='ocrx_word' id='word_1_227' title='bbox 1505 3911 1539 3972; x_wconf 89' lang='lat' dir='ltr'><strong>et</strong></span> <span class='ocrx_word' id='word_1_228' title='bbox 1559 3905 1589 3970; x_wconf 90' lang='lat' dir='ltr'>D</span> 
     </span>
     <span class='ocr_line' id='line_1_33' title="bbox 355 4009 1589 4098; baseline 0.002 -23"><span class='ocrx_word' id='word_1_229' title='bbox 355 4009 431 4077; x_wconf 90' lang='lat' dir='ltr'><strong>illas</strong></span> <span class='ocrx_word' id='word_1_230' title='bbox 458 4011 636 4096; x_wconf 88' lang='lat' dir='ltr'><strong>scripturas</strong></span> <span class='ocrx_word' id='word_1_231' title='bbox 663 4017 720 4076; x_wconf 89' lang='lat' dir='ltr'><strong>aut</strong></span> <span class='ocrx_word' id='word_1_232' title='bbox 750 4031 790 4076; x_wconf 87' lang='lat' dir='ltr'><strong>ex</strong></span> <span class='ocrx_word' id='word_1_233' title='bbox 817 4011 918 4076; x_wconf 82' lang='lat' dir='ltr'><strong>variis</strong></span> <span class='ocrx_word' id='word_1_234' title='bbox 946 4010 1140 4079; x_wconf 87' lang='lat' dir='ltr'><strong>lectionibus</strong></span> <span class='ocrx_word' id='word_1_235' title='bbox 1167 4011 1201 4078; x_wconf 93' lang='lat' dir='ltr'><strong>in</strong></span> <span class='ocrx_word' id='word_1_236' title='bbox 1228 4031 1250 4076; x_wconf 85' lang='lat' dir='ltr'>x</span> <span class='ocrx_word' id='word_1_237' title='bbox 1277 4010 1330 4077; x_wconf 88' lang='lat' dir='ltr'><strong>vel</strong></span> <span class='ocrx_word' id='word_1_238' title='bbox 1356 4011 1389 4076; x_wconf 94' lang='lat' dir='ltr'><strong>in</strong></span> <span class='ocrx_word' id='word_1_239' title='bbox 1417 4011 1448 4076; x_wconf 94' lang='lat' dir='ltr'>Y</span> <span class='ocrx_word' id='word_1_240' title='bbox 1477 4031 1589 4098; x_wconf 87' lang='lat' dir='ltr'><strong>super·</strong></span> 
     </span>
     <span class='ocr_line' id='line_1_34' title="bbox 356 4117 1586 4205; baseline 0 -21"><span class='ocrx_word' id='word_1_241' title='bbox 356 4118 486 4204; x_wconf 87' lang='lat' dir='ltr'><strong>scriptis</strong></span> <span class='ocrx_word' id='word_1_242' title='bbox 505 4124 562 4184; x_wconf 90' lang='lat' dir='ltr'><strong>aut</strong></span> <span class='ocrx_word' id='word_1_243' title='bbox 579 4117 782 4185; x_wconf 83' lang='lat' dir='ltr'><strong>librariorum</strong></span> <span class='ocrx_word' id='word_1_244' title='bbox 806 4117 1043 4185; x_wconf 84' lang='lat' dir='ltr'><strong>transcribendi</strong></span> <span class='ocrx_word' id='word_1_245' title='bbox 1067 4117 1229 4205; x_wconf 85' lang='lat' dir='ltr'><strong>imperitia</strong></span> <span class='ocrx_word' id='word_1_246' title='bbox 1249 4124 1338 4186; x_wconf 90' lang='lat' dir='ltr'><strong>ortas</strong></span> <span class='ocrx_word' id='word_1_247' title='bbox 1359 4139 1433 4186; x_wconf 88' lang='lat' dir='ltr'><strong>esse</strong></span> <span class='ocrx_word' id='word_1_248' title='bbox 1451 4119 1586 4186; x_wconf 86' lang='lat' dir='ltr'><strong>iudicat.</strong></span> 
     </span>
    </p>
   </div>
   <div class='ocr_carea' id='block_1_5' title="bbox 355 4223 1587 4527">
    <p class='ocr_par' dir='ltr' id='par_1_7' title="bbox 355 4223 1587 4527">
     <span class='ocr_line' id='line_1_35' title="bbox 356 4223 1586 4312; baseline 0.003 -22"><span class='ocrx_word' id='word_1_249' title='bbox 356 4223 423 4292; x_wconf 89' lang='lat' dir='ltr'><strong>Sed</strong></span> <span class='ocrx_word' id='word_1_250' title='bbox 450 4226 523 4312; x_wconf 87' lang='lat' dir='ltr'><strong>ipsa</strong></span> <span class='ocrx_word' id='word_1_251' title='bbox 550 4225 737 4312; x_wconf 89' lang='lat' dir='ltr'><strong>opinionum</strong></span> <span class='ocrx_word' id='word_1_252' title='bbox 763 4227 923 4292; x_wconf 88' lang='lat' dir='ltr'><strong>varietate</strong></span> <span class='ocrx_word' id='word_1_253' title='bbox 950 4224 1079 4292; x_wconf 88' lang='lat' dir='ltr'><strong>videtur</strong></span> <span class='ocrx_word' id='word_1_254' title='bbox 1106 4225 1242 4311; x_wconf 84' lang='lat' dir='ltr'><strong>ostendi,</strong></span> <span class='ocrx_word' id='word_1_255' title='bbox 1275 4245 1372 4310; x_wconf 87' lang='lat' dir='ltr'><strong>quam</strong></span> <span class='ocrx_word' id='word_1_256' title='bbox 1399 4245 1464 4292; x_wconf 93' lang='lat' dir='ltr'><strong>non</strong></span> <span class='ocrx_word' id='word_1_257' title='bbox 1491 4229 1586 4294; x_wconf 88' lang='lat' dir='ltr'><strong>satis·</strong></span> 
     </span>
     <span class='ocr_line' id='line_1_36' title="bbox 355 4331 1587 4420; baseline 0.002 -22"><span class='ocrx_word' id='word_1_258' title='bbox 355 4331 469 4399; x_wconf 83' lang='lat' dir='ltr'><strong>fecerit</strong></span> <span class='ocrx_word' id='word_1_259' title='bbox 491 4333 556 4400; x_wconf 92' lang='lat' dir='ltr'><strong>illis</strong></span> <span class='ocrx_word' id='word_1_260' title='bbox 579 4332 671 4418; x_wconf 90' lang='lat' dir='ltr'><strong>locis,</strong></span> <span class='ocrx_word' id='word_1_261' title='bbox 699 4352 780 4418; x_wconf 89' lang='lat' dir='ltr'><strong>quos</strong></span> <span class='ocrx_word' id='word_1_262' title='bbox 803 4333 930 4399; x_wconf 88' lang='lat' dir='ltr'><strong>ratione</strong></span> <span class='ocrx_word' id='word_1_263' title='bbox 960 4333 1200 4420; x_wconf 90' lang='lat' dir='ltr'><strong>simplicissima</strong></span> <span class='ocrx_word' id='word_1_264' title='bbox 1230 4352 1301 4399; x_wconf 92' lang='lat' dir='ltr'><strong>cum</strong></span> <span class='ocrx_word' id='word_1_265' title='bbox 1324 4333 1477 4400; x_wconf 89' lang='lat' dir='ltr'><strong>librorum</strong></span> <span class='ocrx_word' id='word_1_266' title='bbox 1499 4354 1587 4402; x_wconf 82' lang='lat' dir='ltr'><strong>nexu</strong></span> 
     </span>
     <span class='ocr_line' id='line_1_37' title="bbox 356 4439 1075 4527; baseline -0.003 -20"><span class='ocrx_word' id='word_1_267' title='bbox 356 4440 522 4507; x_wconf 87' lang='lat' dir='ltr'><strong>conciliari</strong></span> <span class='ocrx_word' id='word_1_268' title='bbox 544 4460 642 4526; x_wconf 87' lang='lat' dir='ltr'><strong>posse</strong></span> <span class='ocrx_word' id='word_1_269' title='bbox 665 4441 763 4526; x_wconf 91' lang='lat' dir='ltr'><strong>paulo</strong></span> <span class='ocrx_word' id='word_1_270' title='bbox 787 4439 871 4506; x_wconf 85' lang='lat' dir='ltr'><strong>infra</strong></span> <span class='ocrx_word' id='word_1_271' title='bbox 895 4441 1075 4527; x_wconf 84' lang='lat' dir='ltr'><strong>apparebit.</strong></span> 
     </span>
    </p>
   </div>
   <div class='ocr_carea' id='block_1_6' title="bbox 447 4617 747 4786">
    <p class='ocr_par' dir='ltr' id='par_1_8' title="bbox 447 4617 747 4786">
     <span class='ocr_line' id='line_1_38' title="bbox 447 4617 635 4690; baseline 0.005 -17"><span class='ocrx_word' id='word_1_272' title='bbox 447 4617 635 4690; x_wconf 42' lang='lat' dir='ltr'><strong>&amp;thob</strong></span> 
     </span>
     <span class='ocr_line' id='line_1_39' title="bbox 447 4706 747 4786; baseline 0.007 -24"><span class='ocrx_word' id='word_1_273' title='bbox 447 4706 747 4786; x_wconf 51' lang='lat' dir='ltr'><strong>Ubinfith</strong></span> 
     </span>
    </p>
   </div>
   <div class='ocr_carea' id='block_1_7' title="bbox 0 0 1734 5200">
    <p class='ocr_par' dir='ltr' id='par_1_9' title="bbox 0 0 1734 5200">
     <span class='ocr_line' id='line_1_40' title="bbox 0 0 1734 5200; baseline 0 1"><span class='ocrx_word' id='word_1_274' title='bbox 0 0 1734 5200; x_wconf 95' lang='lat' dir='ltr'><strong> </strong></span> 
     </span>
    </p>
   </div>
  </div>
 </body>
</html>
