3459 5200
972 400 1013 466 12

881 487 1093 500 -Δ-Δ--ι

367 599 504 680 plotiooe
530 599 677 661 uirtutum
704 594 803 660 filium
834 615 911 679 gere
939 597 1035 679 qnasi
1062 597 1095 662 in
1124 596 1211 662 sinu!
1306 597 1415 680 imago
1441 595 1600 662 duntaxat

372 702 419 766 lili
442 703 488 767 tui
512 701 609 786 periit
633 713 665 768 et
689 702 816 786 efligies
835 723 899 768 non
919 704 1097 779 simillima;
1121 706 1319 788 ipsequidem
1333 703 1598 770 ueteuusmclio-
1718 704 1719 771 i

372 809 481 893 risque
513 829 597 874 nunc
630 815 733 876 status
767 818 824 876 est.
931 811 1043 876 nititur
1065 810 1135 895 illo,
1164 810 1251 876 unde
1274 809 1436 877 demissus
1460 817 1523 877 est:
1555 811 1598 876 ibi

372 916 463 982 illum
485 925 610 982 octauo
633 921 752 1001 requies
775 923 891 983 manet.
915 917 958 984 ib.
980 917 1060 981 XIX
1083 920 1114 984 6.
1133 955 1171 965 -
1188 918 1248 1002 Ep.
1272 919 1326 984 95.
1342 920 1400 984 50:
1425 916 1506 983 satis
1525 917 1598 983 illos

372 1026 471 1104 coluit,
496 1023 643 1107 quisquis
666 1028 801 1090 imitatus
825 1033 878 1090 est.
912 1062 955 1072 -·
988 1024 1031 1088 ad
1064 1024 1177 1108 Polyb.
1207 1023 1248 1090 de
1281 1023 1403 1091 consol.
1431 1023 1541 1088 XVIII
1563 1029 1597 1090 2:

372 1129 496 1196 Fratris
515 1150 642 1216 quoque
661 1130 707 1196 tui
725 1131 848 1216 produc
871 1134 1051 1198 memorium
1073 1131 1183 1214 aliquo
1200 1131 1390 1217 scriptorum
1403 1130 1599 1197 monimento

372 1246 510 1318 tuorum;
545 1238 604 1304 boc
632 1239 717 1304 enim
745 1260 842 1305 unum
871 1250 922 1305 est
950 1239 983 1305 in
1010 1240 1107 1305 rebus
1130 1238 1279 1305 humanIs
1303 1259 1397 1324 opus,
1430 1240 1482 1304 cni
1511 1237 1599 1304 nulla

372 1352 548 1430 tempestas
576 1355 705 1425 noceat,
738 1345 826 1430 quod
858 1346 947 1412 nulla
981 1354 1149 1412 consumat
1175 1353 1331 1412 vetustas.
1361 1353 1482 1430 cetera,
1516 1366 1599 1431 quae

372 1473 430 1538 per
462 1453 731 1520 constructionem
761 1452 908 1539 lapidum
942 1461 974 1520 et
1004 1476 1195 1519 mamercus
1226 1455 1328 1520 moles
1360 1461 1418 1519 ant
1453 1461 1598 1519 terrenos

372 1559 511 1627 tumulos
534 1561 567 1625 in
591 1582 743 1644 magnam
767 1561 902 1628 eductos
927 1560 1131 1626 altitudinem
1155 1566 1312 1639 constant,
1337 1580 1400 1626 non
1414 1569 1600 1646 propagant

250 1741 253 1745 .
373 1667 503 1751 longam
535 1666 634 1752 diem,
667 1668 786 1753 quippe
815 1676 847 1734 et
879 1669 953 1753 ipsa
984 1667 1193 1750 intereuntia3
1226 1669 1398 1733 inmorwbs
1427 1676 1472 1732 ert
1497 1670 1600 1751 aspera
1718 1660 1719 1685 ³

372 1775 698 1841 circuncisionem
722 1775 812 1840 fratri
837 1783 891 1840 tuo
915 1775 1043 1859 largire,
1071 1775 1105 1840 in
1128 1775 1190 1840 hac
1214 1795 1285 1840 eum
1309 1774 1455 1850 conloca;
1483 1773 1598 1842 melius
1718 1860 1719 1877 ἵ

371 1881 462 1946 illum
494 1881 648 1948 duraturo
681 1903 809 1968 semper
842 1882 1048 1950 consecrabis
1080 1882 1210 1966 ingenio
1243 1902 1340 1964 quam
1369 1881 1459 1947 irrito
1488 1881 1598 1948 dolore

372 1987 509 2072 lugebis.
527 2040 570 2056 ...
588 1993 605 2055 7
621 2011 682 2075 sq.:
699 1989 810 2070 Effice,
826 1998 861 2055 ut
875 1989 1059 2075 frequenter
1072 1990 1182 2055 fratris
1192 1991 1239 2054 tui
1251 1994 1430 2054 menonem
1444 1989 1503 2055 tibi
1518 1989 1598 2056 velis

372 2116 552 2182 occurrere,
585 2096 735 2162 utillum
768 2105 800 2163 et
828 2098 1029 2163 sermonibus
1058 2097 1206 2164 celebres
1230 2102 1264 2162 et
1285 2095 1427 2162 adsidua
1449 2095 1598 2163 recorda·
1718 2128 1719 2131 ¹

372 2203 458 2268 tione
481 2211 707 2290 repraesentes
730 2205 797 2289 tibi,
822 2203 909 2288 qnod
932 2205 979 2270 ita
1003 2204 1131 2270 demum
1154 2203 1308 2286 consequi
1332 2204 1463 2288 poteris,
1488 2204 1516 2270 si
1540 2203 1597 2269 tibi
1718 2254 1719 2265 ,

371 2313 550 2376 memmium
575 2311 644 2378 eius
667 2310 840 2377 iucundam
863 2311 971 2395 magis
998 2331 1094 2394 quam
1121 2309 1261 2377 flebilem
1290 2310 1419 2387 fecerim
1451 2310 1599 2376 naturale
1718 2356 1719 2379 ι

372 2424 422 2484 est
446 2417 539 2500 enim,
563 2426 598 2484 ut
621 2439 748 2504 semper
770 2419 898 2485 animus
921 2419 964 2484 ab
984 2438 1023 2484 co
1042 2417 1193 2502 refugiat,
1217 2417 1261 2483 ad
1277 2416 1365 2502 quod
1382 2437 1455 2484 cum
1467 2418 1599 2484 tristitia
1718 2492 1719 2499 q

371 2526 548 2591 revertitur.
579 2527 686 2609 cogita
714 2525 907 2593 modestiam
936 2526 1019 2611 eius,
1048 2525 1157 2609 cogita
1185 2525 1219 2590 in
1249 2526 1346 2592 rebus
1374 2524 1514 2609 agendis
1536 2527 1598 2592 sol·
1718 2510 1719 2571 3

370 2632 511 2711 lentiam,
550 2634 582 2697 in
619 2633 817 2718 exequendis
849 2633 1055 2711 industriam,
1092 2633 1126 2697 in
1161 2632 1330 2717 promissis
1367 2634 1597 2713 constantiam

372 2743 476 2807 omen
507 2742 588 2805 dr'ctc
620 2744 686 2805 ciue
716 2764 753 2807 oc
776 2747 868 2826 farto
899 2748 932 2807 et
959 2741 1033 2807 aliis
1063 2760 1188 2825 expone
1216 2748 1250 2807 et
1276 2739 1402 2806 tibimet
1428 2740 1501 2826 ipse
1525 2761 1599 2807 con·
1718 2743 1719 2786 l

371 2867 527 2929 memora3
560 2848 666 2930 qualis
694 2848 799 2927 fuerit,
832 2848 951 2932 cogita,
982 2847 1153 2932 qualisque
1182 2848 1306 2933 sperari
1333 2848 1487 2933 potnerit:
1520 2847 1599 2931 quid

372 2954 456 3021 enim
479 2953 520 3021 de
543 2955 599 3021 illo
622 2975 687 3021 non
706 2962 772 3022 tuto
794 2954 946 3042 sponderi
961 2956 1059 3021 fratre
1073 2959 1205 3041 posset?
1228 2955 1287 3041 Ep.
1302 2957 1424 3022 9933:
1449 2955 1599 3021 Ceterum
1718 2975 1719 2978 ’

371 3062 554 3147 frequenter
586 3063 627 3129 de
660 3064 715 3129 illo
748 3064 880 3148 loquere
913 3071 946 3130 ct
977 3068 1158 3129 memoriam
1190 3062 1274 3142 eins,
1307 3069 1462 3147 qnantum
1493 3070 1599 3149 potes,

372 3173 490 3237 celebra
515 3177 575 3237 etc.
599 3170 642 3236 ad
666 3172 765 3239 Marc.
790 3171 832 3237 de
856 3172 978 3239 consol.
1003 3171 1106 3248 1112;
1131 3170 1158 3236 V
1183 3173 1218 3237 2:
1242 3170 1324 3236 (lum
1347 3170 1544 3237 secessimus
1569 3177 1602 3235 et

373 3277 404 3341 in
429 3297 524 3343 unum
549 3279 764 3362 convenimus,
781 3284 871 3363 suctu
899 3282 965 3342 aus
991 3280 1129 3362 dictuque
1156 3284 1276 3360 quanto
1303 3276 1418 3343 meruit
1446 3286 1600 3363 suspectu
1718 3251 1719 3296 ³

372 3387 569 3451 celebramus.
596 3422 635 3431 -
665 3384 895 3467 Fragmentum
922 3384 995 3451 libri
1026 3385 1171 3450 Senecae
1203 3383 1364 3469 deperditi
1398 3383 1459 3464 „de
1486 3384 1600 3450 matri·

373 3491 500 3556 monio¹³
522 3490 610 3577 apud
634 3491 818 3576 Hieronym.
844 3491 1001 3558 adversus
1025 3490 1181 3560 Ioninian.
1206 3492 1261 3557 lib.
1286 3492 1301 3554 I
1323 3512 1356 3576 p.
1374 3494 1437 3558 192
1460 3491 1601 3569 (Seneca

372 3597 634 3683 lupiacus
667 3599 807 3682 Haasel:
841 3599 947 3665 notior
979 3605 1029 3665 est
1064 3599 1180 3664 manto
1213 3619 1271 3665 suo
1304 3596 1476 3682 Tanaquil.
1512 3600 1603 3665 illam

372 3704 456 3770 inter
483 3706 579 3771 mullo
610 3726 723 3789 regum
751 3706 881 3771 nomina
910 3707 975 3771 iam
999 3704 1170 3772 abscondit
1192 3705 1383 3789 antiquitas:
1416 3708 1493 3772 bono
1525 3724 1602 3771 rara

372 3812 456 3878 inter
479 3811 616 3878 feminas
639 3814 740 3879 virtus
768 3812 866 3879 altius
894 3812 1096 3879 saeculorum
1129 3813 1269 3878 omnium
1300 3812 1476 3879 memoriae
1502 3832 1602 3896 quarn
1718 3875 1719 3904 q

373 3924 408 3984 ut
431 3918 581 3985 excidere
604 3921 718 4005 possit,
742 3918 854 3987 infixit.
863 3923 886 3998 ¹)

462 4134 499 4198 ln
523 4134 670 4200 omnibns
694 4141 801 4201 autem
825 4141 858 4201 et
882 4134 979 4201 dictis
1004 4141 1037 4200 et
1060 4133 1155 4200 factis
1177 4133 1303 4199 virtus
1331 4154 1395 4200 non
1418 4133 1544 4217 gloriae
1568 4141 1603 4200 et

373 4241 559 4309 ambitionis
583 4261 692 4325 causa,
716 4262 826 4307 verum
850 4248 1009 4328 propter
1032 4243 1154 4328 ipsam
1178 4241 1396 4325 expetenda
1419 4246 1492 4309 est:
1526 4242 1603 4327 ipsa

374 4348 458 4414 enim
481 4349 531 4415 sui
554 4350 692 4435 pretium
716 4356 774 4417 est.

467 4526 486 4592 ¹)
505 4530 574 4584 conf.
595 4528 625 4584 T.
647 4530 718 4584 Ann.
737 4528 788 4581 XV
808 4528 880 4583 cal
898 4528 939 4596 (in
957 4528 1074 4583 Senecae
1093 4528 1217 4584 untione
1240 4528 1275 4583 ad
1294 4496 1442 4583 Pauliunm
1464 4527 1602 4597 uxoreml:

373 4616 402 4669 in
421 4621 639 4687 contemplatione
656 4617 732 4673 uitae
750 4634 798 4687 per
816 4621 942 4672 statuum
960 4621 1038 4672 actae
1057 4617 1223 4672 desiderium
1241 4617 1337 4680 manti
1353 4616 1461 4672 solaciis
1475 4616 1603 4675 honestis

373 4706 511 4765 tolerarat.
