3459 5200
152 598 200 643 or.
224 581 237 644 l
260 582 296 645 9:
331 578 386 645 ruhi
407 578 458 645 hic
480 577 617 661 sperimus
638 578 790 645 hinnitus
811 579 935 647 Peru'ci
955 581 1115 664 piendam
1135 579 1228 645 tector
1247 580 1374 664 imperii

214 696 244 755 et
264 690 421 773 adfectata
442 692 484 758 acl
505 712 641 778 repnum
661 690 716 758 uia
741 692 873 759 libidine
893 692 1025 777 paridis
1052 692 1252 758 concubitum
1274 693 1371 777 pesti-

213 802 320 868 eutis?
363 800 466 885 piratis
498 802 549 869 ille
581 803 730 870 dominus
760 804 837 888 suit,
869 805 907 870 cle
938 825 1000 888 ouo
1031 804 1218 890 impruden
1250 802 1374 871 animal

214 912 392 981 ircdnaoit?

236 1029 285 1094 cf.
308 1029 379 1093 Val.
402 1028 488 1095 Max.
511 1029 567 1094 VH
590 1031 609 1095 3
633 1031 699 1095 ext.
722 1031 741 1095 h
765 1029 821 1113 (ct.
844 1030 863 1113 ᾗ
884 1032 906 1096 5
929 1035 1010 1097 sect.
1031 1030 1116 1115 XX).

149 1141 277 1219 1116‚3:
321 1159 378 1205 nec
410 1138 522 1225 ipnoro
554 1140 655 1207 multa
687 1140 800 1207 invicti
831 1140 936 1207 animi
969 1140 1108 1225 stenphi
1129 1162 1220 1226 posse
1247 1140 1372 1224 referri.

214 1251 390 1317 Pericles
419 1252 545 1319 omnus
570 1273 679 1319 recens
705 1252 810 1319 liberm
836 1253 990 1320 venitin
1015 1252 1157 1321 aarum:
1187 1254 1241 1320 sect
1263 1252 1375 1337 patria

213 1385 309 1431 corun
330 1364 460 1451 copehat.
494 1364 763 1452 Ananaporon
786 1365 991 1450 physicum
1011 1366 1121 1451 prauis
1142 1367 1180 1433 n
1199 1365 1265 1447 filio
1285 1386 1374 1435 nrm-

218 1477 283 1543 tius
309 1500 330 1545 a
352 1478 620 1563 capharnaum
640 1499 709 1545 non
730 1478 883 1545 retraxit:
913 1478 968 1544 sect
982 1476 1198 1563 philosophiae
1218 1478 1375 1563 Machat

217 1589 406 1657 calamitatis
426 1611 503 1657 urae
524 1590 761 1677 neplepentiam.

238 1704 285 1770 Cf.
309 1705 380 1769 Val.
402 1704 488 1769 Max.
512 1705 540 1767 V
563 1706 603 1771 10
626 1708 691 1770 ext.
718 1706 744 1769 1.
768 1704 787 1769 3
811 1704 866 1786 (ct.
889 1706 908 1788 ἕ
930 1706 950 1771 5
974 1708 1055 1770 sect.
1076 1704 1161 1789 XX).

152 1817 164 1880 1
187 1817 244 1882 eo:
287 1834 366 1881 nam
387 1820 417 1881 et
438 1813 608 1881 Phidiae
633 1814 815 1900 Olympium
836 1814 943 1881 Iovem
969 1820 999 1881 et
1023 1814 1205 1899 Myronis
1232 1816 1376 1883 braidam

220 1932 250 1992 et
264 1926 452 2011 Polycliti
473 1927 663 2013 canephoros
684 1927 776 1993 nidis
797 1926 866 1993 eius
887 1926 970 1994 ortis
990 1927 1156 1995 luminum
1164 1949 1246 2013 pars
1259 1948 1377 2014 mapua

221 2038 339 2105 mirata
360 2044 414 2105 est.

243 2155 465 2237 Canephoros
497 2154 591 2220 novit
625 2175 666 2219 ex
700 2155 767 2220 Cic.
796 2154 832 2218 in
855 2155 949 2219 Verr.
977 2155 1018 2219 lV
1046 2154 1113 2238 5‚¹)
1146 2154 1303 2220 buculam
1337 2174 1378 2221 ex

157 2268 199 2331 IV
223 2268 282 2332 135
311 2266 366 2350 (cf.
389 2268 407 2351 5
429 2268 449 2333 5
479 2270 558 2333 sect.
582 2267 690 2350 XVII),
724 2266 916 2351 Olympium
942 2268 1053 2333 lovem
1083 2286 1123 2333 ex
1150 2266 1300 2333 eiusdem
1329 2287 1379 2333 or.

157 2378 187 2445 5.
212 2378 538 2446 8Va1.Max.1117
563 2378 748 2462 exthtct.
772 2380 832 2463 §5
856 2384 936 2445 sect.
960 2381 1045 2464 XX).

157 2507 185 2572 II
206 2510 297 2587 lon:
332 2506 446 2590 ferrent
461 2506 651 2573 Socraten
673 2506 701 2573 si
721 2507 848 2591 picando
870 2507 988 2573 cnciht
1003 2506 1119 2592 cupitis
1139 2512 1199 2575 out
1211 2508 1380 2575 destinatis

222 2620 257 2686 iri
277 2619 337 2686 sihi
358 2619 436 2686 rutile
457 2621 540 2704 procot
561 2625 707 2686 euenerat
727 2619 925 2700 aestimasse·
950 2641 1026 2686 nom
1048 2620 1154 2686 meriti
1176 2621 1229 2688 sni
1249 2643 1380 2688 secunus

221 2733 379 2818 interpres
406 2755 442 2800 eo
464 2733 653 2798 coniectabat
674 2755 737 2798 esse
758 2731 901 2813 meliora,
933 2753 1014 2816 puae
1035 2754 1126 2800 conss
1152 2733 1254 2814 dabat,
1283 2754 1381 2817 quam

222 2865 302 2928 quoe
321 2845 451 2912 unimus
469 2845 638 2930 adpetebat.

244 2955 327 3029 Cum
349 2961 445 3026 multi
469 2960 592 3026 similia
614 2963 753 3024 narrent
776 2957 830 3040 (cs.
848 2958 957 3024 Zeller
972 2959 1001 3023 11
1019 2958 1054 3059 1}
1068 2980 1100 3042 p.
1117 2959 1157 3024 67
1181 2980 1210 3025 a.
1226 2960 1269 3043 3),
1293 2961 1380 3026 veri·

159 3073 366 3139 simillimum
394 3073 525 3139 videtur
552 3072 789 3156 Symmachum
817 3071 972 3139 hausisse
1002 3091 1043 3137 ex
1066 3072 1133 3137 Cic.
1156 3072 1198 3137 de
1225 3073 1281 3138 off.
1302 3072 1317 3136 l
1339 3073 1381 3137 90

158 3185 214 3268 (oi.
236 3187 255 3270 ἕ
277 3187 297 3252 5
321 3191 400 3251 sect.
424 3185 533 3269 XVII).

158 3316 185 3380 ΙΙ
206 3318 240 3381 2ε
288 3317 387 3379 taceat
401 3311 538 3400 modipo
568 3311 672 3378 luridis
698 3315 846 3393 ostentas,
879 3333 959 3395 prae
980 3311 1148 3397 Apellam
1173 3317 1204 3377 et
1224 3310 1382 3379 Zeucin

222 3425 268 3491 oel
295 3423 409 3492 horum
436 3423 553 3491 similes
582 3428 794 3507 satanamque
819 3428 906 3490 aetas
929 3423 1011 3506 tulit,
1044 3423 1242 3490 voluminum
1263 3425 1381 3492 horrore

223 3538 357 3625 dipnota
378 3543 433 3605 est.

160 3675 208 3720 or.
231 3655 329 3719 1115:
373 3649 402 3716 si
428 3647 501 3734 orris
526 3647 607 3716 mihi
634 3647 784 3715 Zeusis
811 3646 1013 3715 discoloribus
1044 3646 1125 3714 ceris
1156 3648 1231 3714 haec
1257 3649 1383 3718 comitia

223 3759 393 3850 spectoMa
421 3762 589 3848 stipereret,
622 3761 651 3828 si
679 3761 752 3846 piris
773 3761 958 3845 Apelleae
983 3742 1125 3828 imitator
1154 3759 1233 3828 illud
1258 3761 1384 3830 moleste

224 3875 381 3943 iudicium
402 3873 568 3941 verisimili
589 3874 714 3958 adfectu
735 3873 817 3941 ortis
838 3873 1007 3955 estimaret,
1034 3873 1172 3940 viserent
1187 3874 1307 3959 posteri
1328 3874 1384 3941 vis

224 3987 379 4056 credenda
403 3987 568 4055 miracula.

248 4234 268 4305 ¹)
295 4234 382 4288 Nemo
410 4237 554 4302 praeterea
578 4234 788 4294 commemorat;
816 4230 850 4284 cs.
870 4230 1022 4293 Ouerbeck,
1053 4229 1269 4299 Schriitquellen
1297 4229 1384 4298 96115.

160 4323 241 4391 Fugit
260 4321 458 4390 Goehlingium
477 4321 521 4390 (de
541 4319 595 4374 Cic.
614 4319 680 4373 artis
700 4318 886 4382 aestimatore,
912 4317 991 4372 Halia
1011 4317 1077 4370 1877
1097 4335 1124 4387 p.
1137 4317 1179 4387 th)
1197 4335 1215 4372 a
1232 4319 1294 4371 soto
1307 4317 1383 4372 Cice-

160 4429 227 4466 rone
255 4410 375 4480 pendere
400 4409 604 4476 Symmachum.
641 4405 785 4460 Sententia
808 4423 883 4460 nova
906 4423 962 4460 non
984 4409 1042 4468 est3
1069 4406 1103 4459 cs.
1125 4405 1225 4459 tuliani
1248 4423 1291 4474 ep.
1310 4406 1384 4469 33,l:

159 4499 212 4552 noir
234 4498 286 4566 γὰρ
309 4494 417 4560 ἀνάξιόν
440 4515 473 4564 με
495 4499 562 4564 λέγῃ
586 4513 625 4560 τις
648 4499 722 4561 εἶναι,
750 4491 814 4548 οὐδὲ
836 4494 906 4547 οὕτω
929 4496 978 4546 τοῦ
1000 4495 1095 4546 ποθεῖν
1118 4488 1305 4562 ἀφαιρήσεται,
1328 4496 1386 4546 ἐπεὶ

159 4591 208 4639 nort
225 4577 388 4653 ἀγαλμάτων
405 4586 497 4638 καλῶν
515 4579 608 4637 ἀκούω
622 4583 739 4647 πολλοὺς
756 4583 871 4650 ἐραστὰς
883 4583 1008 4649 γενέσθαι
1021 4582 1056 4649 μή
1071 4575 1208 4648 piscatori
1221 4583 1384 4649 δημιουργοῦ

159 4675 207 4742 τήν
225 4677 319 4742 τέχνην
337 4672 372 4742 μή
393 4671 564 4739 βλάπτοντας,
583 4665 655 4724 tua
673 4675 720 4723 κοιῑ
738 4672 775 4737 τῷ
793 4673 853 4736 nspt
876 4665 946 4722 αὐτοὶ
967 4667 1051 4721 πάθοι
1073 4670 1121 4736 rip
1148 4671 1267 4736 ἔμψυχον
1284 4666 1385 4738 ἡδονήν

161 4765 197 4828 τῷ
215 4763 285 4827 ἔργῳ
303 4762 500 4828 προοτιθὲντας.
