3459 5200
728 553 768 618 87

166 758 308 839 protulit
330 759 588 838 enarrationem,
612 779 695 842 quae
718 761 889 825 undenam
913 761 946 825 in
961 762 1184 844 Hermogenis
1208 762 1338 827 scholia

167 861 309 938 fluxerit,
333 881 373 927 ex
398 863 517 946 quibus
543 863 685 927 loannes
709 864 868 929 Siceliota
891 884 965 930 eam
988 865 1142 930 hausisse
1164 865 1335 947 putandus

167 966 230 1040 est,
253 965 435 1046 ignoratur.

245 1061 338 1132 Ἔστι
353 1069 408 1132 καί
425 1063 503 1134 ἀλλο
522 1070 603 1146 είδος
620 1070 757 1154 στροφῆς
772 1073 826 1134 καί
842 1067 1042 1154 ἀντιστρόφου
1054 1069 1138 1135 κατὰ
1151 1071 1335 1156 περίοδονῑμ·

165 1167 322 1253 γράφουσι
344 1169 406 1256 γὰρ
427 1171 484 1258 τὴν
508 1174 562 1259 μέν
584 1169 721 1258 στροφὴν
739 1171 761 1258 ἢ
777 1172 827 1237 διά
849 1173 904 1238 δύο
927 1173 1040 1258 στίχων
1062 1173 1084 1260 ἢ
1106 1177 1196 1258 τριῶν
1218 1174 1241 1260 ἠ
1263 1172 1336 1240 ὁπό-

166 1272 261 1356 σωνέ)
284 1273 427 1360 βούλεται
442 1269 459 1340 ὁ
473 1273 614 1361 ποιητός,
637 1277 802 1362 ἔχουσανί)
822 1275 893 1354 τούς
907 1278 1032 1363 στίχους
1047 1276 1182 1363 διάφορα
1198 1277 1336 1364 μέτραί),

166 1373 298 1462 τὸνμὲν
325 1379 447 1462 πρῶτον
469 1380 564 1465 τυχόν
590 1376 799 1466 τροχαίκόνῤ)
827 1380 909 1464 rivi)
942 1379 1085 1465 δεύτερον
1114 1379 1256 1468 ἰαμβικὸν
1282 1383 1337 1445 καὶ

165 1479 220 1545 τόν
242 1481 342 1565 τρίτον
364 1481 459 1548 ἄλλον
486 1481 566 1547 τινά·
602 1485 668 1547 είτα
700 1481 756 1568 τήν
784 1481 983 1569 ἀντίστροφον
1012 1482 1178 1568 ἐπάγουσιν
1199 1484 1336 1569 ἔχουσαν

165 1581 220 1647 τόν
241 1583 363 1668 πρῶτον
386 1585 492 1670 στίχον
520 1584 625 1672 ὅμοιον
656 1591 699 1671 τῷ
731 1585 898 1673 τελευταίῳ
931 1588 987 1672 τῆς
1015 1588 1161 1672 στροφῆς,
1189 1585 1242 1651 τόν
1268 1584 1336 1651 δεό-

165 1707 257 1771 τερον
278 1687 322 1773 τῷ
343 1685 404 1773 πρὸ
425 1689 480 1754 τοῦ
502 1689 689 1770 τελευταίου,
712 1687 764 1754 τόν
785 1689 886 1775 τρίτον
912 1694 956 1776 τῷ
986 1689 1064 1776 μετά
1085 1692 1194 1755 τοῦτον
1215 1690 1336 1774 τρίτῳί)

166 1791 227 1867 aa
255 1788 350 1872 όλιυν,
384 1789 425 1868 uic
453 1791 628 1879 συμβαίνειν
656 1789 726 1869 τούς
754 1792 866 1878 μέσους
893 1799 953 1858 τῶν
979 1790 1045 1876 ouo,
1067 1793 1123 1878 τῆς
1143 1814 1178 1858 τε
1199 1794 1336 1878 στροφῆς

165 1894 321 1978 (καὶτῆς
347 1891 608 1979 ἀντιστρόφου>ί),
634 1895 780 1972 καὶτοὺς
803 1893 919 1979 ἄκρους
946 1894 1094 1980 ἀλληλοις
1127 1890 1333 1981 ἀναστρέφειν

168 1993 254 2061 κατά
276 1996 333 2081 τήν
355 1996 478 2081 πλοκήν
499 2000 554 2061 καί
575 1997 631 2082 τήν
659 1994 843 2082 κατάληξιν;
874 2000 914 2065 cl.
943 2000 1047 2064 lsaac.
1071 2000 1182 2065 Treta.
1206 1999 1240 2063 in
1263 1999 1337 2081 ipsa

165 2100 440 2166 antitheticorum
463 2102 684 2184 explicatione
711 2123 743 2184 p.
767 2103 819 2180 65,
842 2103 883 2166 33

343 2201 383 2280 νίς
406 2205 481 2268 είναι
504 2204 597 2291 μέσον
620 2202 654 2269 τό
678 2200 752 2268 αὐτό
775 2206 830 2268 καί
851 2202 1035 2290 παραδοᾞως
1055 2203 1151 2282 τέλος.

254 2307 453 2373 Huiusmodi
468 2311 510 2374 ab
527 2309 762 2391 explanatione
778 2309 947 2393 quomodo
962 2310 1112 2391 profecta
1128 2308 1170 2373 sit
1182 2307 1336 2389 Hephae·

168 2409 302 2476 stionea
323 2416 471 2494 apparet.
507 2411 639 2477 Etenim
656 2431 730 2476 cum
752 2413 913 2478 usitatum
934 2411 1165 2495 responsionis
1183 2410 1335 2475 ordinem

167 2513 293 2578 diserte
317 2519 463 2580 statuere
485 2516 664 2581 molestum
694 2516 870 2596 ducerent,
900 2535 942 2579 ne
971 2514 1168 2580 antithetica
1201 2514 1335 2599 quidem

165 2637 231 2701 pro
263 2619 420 2683 binarum
454 2620 668 2702 stropharum
699 2618 936 2686 coniunctione
965 2619 1144 2683 habebant.
1195 2618 1267 2696 Sic,
1299 2622 1335 2682 ut

166 2721 236 2785 alia
258 2722 420 2800 omittam,
444 2723 567 2787 lactum
597 2726 658 2801 est,
692 2723 726 2787 id
755 2722 844 2806 quod
874 2742 975 2804 supra
999 2722 1110 2786 mirati
1135 2742 1265 2799 sumus,
1298 2725 1335 2784 ot

167 2824 258 2906 apud
286 2825 569 2907 Hephaestionem
600 2826 688 2890 inter
716 2826 866 2890 diversas
898 2825 1111 2907 stropharum
1146 2825 1335 2889 conforma·

166 2930 279 2994 tiones
303 2929 413 2993 subito
437 2948 547 2993 sermo
571 2928 697 2993 incidat
720 2928 761 2993 de
784 2928 866 2992 colis
886 2930 972 2992 inter
988 2948 1023 2992 se
1040 2928 1331 3010 respondentibus.

255 3032 344 3098 Satis
369 3033 433 3096 iam
458 3032 579 3114 opinor
593 3031 808 3113 probavimus
825 3031 914 3114 apud
929 3030 1111 3095 Aristidem
1128 3030 1333 3113 deprehendi

166 3136 240 3218 περί
261 3131 432 3221 ποιήματος
459 3136 647 3201 doctrinam
677 3154 761 3217 quae
789 3134 1096 3217 Hephaestioneam
1118 3138 1152 3197 et
1175 3134 1334 3216 simplici·

166 3242 237 3303 tate
261 3242 293 3304 et
315 3243 423 3304 aetate
452 3239 550 3320 longe
579 3241 722 3321 superet.
772 3237 1034 3320 Hephaestionis
1062 3242 1242 3319 praecepta
1270 3237 1335 3301 etsi

167 3362 238 3406 non
262 3346 353 3407 recta
374 3342 427 3407 via
450 3363 490 3407 ex
512 3342 670 3406 Aristidis
695 3342 786 3405 fonte
809 3344 1039 3418 manaverunt,
1063 3345 1176 3404 tamen
1194 3361 1254 3422 per
1271 3340 1334 3403 eir-

167 3446 294 3511 coitum
317 3446 360 3510 ad
383 3446 638 3529 explicationem
653 3444 793 3509 Aristidi
817 3444 1022 3509 simillimam
1042 3444 1229 3508 revocanda
1245 3447 1333 3508 sunt.

165 3548 278 3615 Facile
302 3550 450 3614 concedo
473 3550 569 3631 plura
597 3548 700 3612 fuisse
729 3549 764 3612 in
792 3547 949 3613 Aristidis
981 3548 1088 3625 fonte,
1123 3568 1222 3630 quam
1250 3568 1334 3630 quae

166 3653 241 3736 ipse
270 3652 436 3717 Aristides
465 3652 564 3717 nobis
598 3651 771 3734 praebeat,
806 3651 865 3715 sed
892 3651 1079 3733 praefracte
1108 3670 1193 3731 nego
1221 3650 1335 3715 omnia

166 3812 371 3820 *m

258 3904 421 3973 1)Περίοδος
440 3902 484 3957 hic
503 3902 576 3958 idem
599 3904 656 3955 sere
680 3906 763 3970 atque
787 3898 961 3969 ἀνταπόδοσις
980 3902 1023 3957 vel
1048 3896 1228 3967 ἀνακύκλησις
1252 3898 1333 3967 signi·

164 3994 250 4046 ficare
268 3992 383 4044 videtur.

254 4078 276 4135 'l
295 4074 398 4131 όπόσων
417 4077 522 4146 scripsi,
541 4076 641 4143 ὁπόσην
660 4077 719 4129 cod.

255 4166 277 4222 ³l
296 4167 408 4233 ἔχουσαν
426 4165 531 4233 sc1ipsi,
551 4166 618 4232 έχιυν
638 4164 697 4216 rod.

254 4252 277 4321 ⁴)
296 4252 471 4305 scribendum
489 4252 596 4304 videtur
614 4250 748 4315 διαφόρων
766 4252 875 4316 μέτρων.

257 4338 277 4407 ⁵)
296 4338 438 4406 τροχαϊκόν
457 4338 562 4407 scripsi,
580 4345 705 4403 τροχαῖον
725 4336 783 4389 cod.

254 4426 277 4495 ⁶)
296 4441 331 4478 an
350 4426 394 4477 τὸν
412 4426 492 4493 <δὲ>ί

256 4512 277 4578 ¹)
294 4517 371 4580 τρίτῳ
390 4513 537 4567 delendum
556 4513 669 4567 videtur.

256 4602 278 4669 ⁸)
296 4606 342 4652 καί
361 4602 409 4668 τῆς
427 4596 600 4667 ἀντιστρόφου
619 4598 728 4655 inserui.
