3459 5200
673 368 801 463 mii
823 458 876 463 -

254 576 526 641 Consentaneum
559 578 671 639 autem
706 578 757 638 est
791 594 908 639 omnes
942 575 1129 641 litterarum
1153 580 1383 643 Romanarum

167 690 350 769 copiasne
377 707 398 753 a
426 686 630 753 doctissimis
660 686 794 769 quidem
821 686 902 751 viris
931 687 1021 753 illius
1047 689 1168 754 aetatis
1202 691 1382 756 exhaustas

166 819 252 879 esse,
287 800 347 865 sed
381 801 507 865 sensim
542 798 707 863 delectum
741 798 910 881 quendam
944 798 1087 885 (κανόνα)
1117 804 1319 884 scriptorum
1346 802 1381 867 in

165 913 253 979 ludis
287 913 464 979 rhetoricis
498 910 750 977 tractandorum
779 911 905 976 factum
934 932 1027 990 csse3
1061 914 1117 996 qui
1146 915 1254 997 qualis
1282 916 1382 981 fuerit

167 1026 365 1091 concludere
388 1026 466 1090 licet
488 1044 529 1089 ex
552 1024 892 1108 enumerationibus¹t
921 1025 1011 1107 apud
1038 1026 1204 1109 quosdam
1226 1031 1380 1092 auctores

165 1138 429 1215 occurrentibus,
457 1156 596 1220 quamn
625 1136 722 1201 facile
744 1136 943 1218 gravissima
965 1138 1085 1220 legitur
1107 1140 1196 1221 apud
1217 1140 1381 1224 Hierony·

165 1270 257 1317 muru
279 1249 352 1315 adv.
375 1249 450 1315 Rus.
474 1248 487 1312 l
511 1249 563 1313 lo:
595 1251 675 1331 puto
696 1247 778 1329 qood
792 1267 879 1330 puer
898 1246 1010 1333 leporis
1030 1248 1130 1331 arpii
1150 1249 1189 1314 in
1211 1248 1382 1334 Verpilium

164 1367 194 1427 et
208 1360 396 1427 Sallustium
409 1358 654 1439 commentarios,
674 1358 789 1425 Volcoti
810 1358 849 1425 iri
863 1359 1020 1425 orationes
1036 1359 1205 1441 Ciceronis,
1228 1361 1381 1427 Victorini

164 1473 203 1539 iri
224 1472 359 1558 dioquos
381 1472 450 1538 eius
470 1476 499 1537 et
521 1472 559 1537 in
586 1470 717 1536 Terenti
738 1471 908 1537 comoedias
930 1472 1143 1555 praeceptoris
1166 1472 1228 1537 orei
1244 1473 1380 1556 Donati,

164 1604 260 1668 oeqrre
280 1585 318 1651 iri
341 1584 511 1670 Verpilium
532 1588 562 1649 et
588 1583 724 1649 otiorum
751 1582 791 1649 in
816 1582 912 1649 ulios:
947 1583 1105 1651 Pisoirm
1131 1584 1279 1665 addicet,
1311 1586 1380 1651 Iar·

164 1698 305 1779 aretium,
327 1697 489 1777 Meum,
513 1696 663 1763 Persium
683 1700 777 1779 atque
799 1696 979 1762 eroonum.
1025 1700 1074 1764 cf.
1097 1699 1178 1781 Aug.
1203 1699 1290 1763 conf.
1311 1700 1380 1765 113

164 1814 263 1880 Prud.
287 1814 390 1895 praei.
407 1814 425 1877 7
443 1814 522 1877 Aus.
537 1816 640 1894 protr.
660 1812 702 1877 46
719 1830 790 1894 sqq.
826 1810 1000 1877 Commod.
1017 1830 1118 1877 carm.
1133 1812 1220 1893 apol.
1236 1812 1297 1877 583
1314 1831 1380 1895 sq.:

345 1920 501 2025 Verpilius
521 1938 646 2023 imitor,
672 1937 778 2003 Oicero
799 1942 858 2003 out
884 1937 1054 2003 Terentius
1073 1937 1165 2018 item,·

344 2052 403 2117 Nil
423 2050 490 2117 rrisi
511 2072 564 2117 cor
583 2049 720 2133 focirrnt,
743 2054 879 2115 cetenim
900 2050 939 2115 de
958 2050 1026 2117 vito
1046 2050 1167 2115 utetur.

163 2187 254 2252 Lecti
277 2185 377 2267 igitur
400 2203 474 2249 esse
496 2182 653 2247 videntur
675 2182 709 2245 in
732 2180 819 2247 ludis
842 2182 987 2247 maxime
1008 2182 1171 2263 Vergilius
1202 2184 1380 2249 Sallustius

163 2299 280 2365 Cicero
314 2298 504 2375 Terentius,
538 2298 649 2362 minus
683 2295 820 2360 Plautus
859 2296 1018 2361 Horatius
1046 2295 1185 2361 Persius
1212 2298 1380 2372 Lucanus;

163 2411 205 2475 de
227 2410 371 2475 Lucretii
397 2410 541 2473 lectione
570 2407 784 2474 dubitaveris.
831 2408 879 2472 Ex
908 2408 962 2472 his
991 2411 1103 2472 autem
1131 2428 1200 2472 non
1228 2412 1297 2472 tam
1326 2429 1380 2473 res

163 2541 201 2587 ac
235 2520 368 2587 fabulae
396 2540 496 2604 quam
525 2520 727 2599 sententiae,
762 2519 949 2583 locutiones
983 2524 1083 2604 atque
1117 2522 1217 2585 ctiam
1251 2522 1382 2602 singula

163 2635 325 2702 vocabula
337 2634 599 2700 desumebantur
616 2634 671 2712 ita,
688 2637 724 2698 ut
739 2634 887 2698 auctoris
904 2652 1029 2697 nomen
1046 2636 1217 2699 rarissime
1233 2653 1380 2716 appone-

165 2752 264 2814 retur.
300 2749 336 2814 Si
360 2749 412 2813 cui
436 2750 547 2812 autem
570 2747 691 2811 mirum
714 2746 847 2810 videtur
868 2747 970 2810 etiam
993 2767 1033 2812 err
1054 2748 1164 2829 poetis
1187 2750 1253 2811 tam
1276 2747 1381 2811 multa

163 2861 284 2928 hausta
307 2879 382 2924 esse
405 2879 425 2924 a
446 2877 567 2940 prosae
591 2857 754 2922 orationis
779 2857 1009 2940 scriptoribus,
1033 2859 1225 2923 consideret
1247 2878 1380 2940 semper

163 2973 311 3055 corrupti
336 2991 455 3038 sensus
479 2970 658 3054 iudiciique
675 2991 760 3050 esse,
784 2969 873 3054 quod
896 2972 1103 3053 singulorum
1124 2972 1310 3038 litterarum
1324 2989 1380 3053 ge-

164 3244 190 3297 in
209 3247 314 3312 poetas,
333 3243 385 3294 hos
404 3239 508 3294 maiore
520 3255 585 3292 cura
597 3238 759 3307 perscrutati
774 3243 836 3292 sunt
849 3238 898 3290 viri
912 3237 999 3300 docti:
1018 3239 1053 3292 ad
1065 3237 1207 3307 prosaicos
1220 3239 1381 3307 posterioris

163 3329 261 3386 aetatis
284 3327 449 3397 pertinentia
477 3327 546 3380 haec
574 3327 631 3379 iere
656 3325 781 3379 adhibui:
812 3325 1022 3388 Schwierczina,
1048 3326 1244 3391 Frontoniana,
1271 3328 1380 3385 Vra'tisl.

165 3418 238 3472 1883.
275 3415 301 3469 lii
324 3415 414 3476 Hertz,
441 3413 528 3466 Aulus
553 3413 658 3466 Gellius
681 3412 737 3466 und
761 3412 921 3467 Ammianus
944 3413 1026 3468 Harc.
1053 3414 1144 3468 Herm.
1163 3415 1224 3469 vnr
1242 3415 1380 3470 157-308

163 3527 195 3552 =
224 3519 317 3572 opusc.
346 3501 415 3555 Gell.
441 3500 591 3562 1lo-ao1;
622 3501 656 3580 de
683 3500 771 3554 Amin.
799 3500 897 3554 studiis
926 3501 1110 3563 Sallustiana,
1137 3502 1192 3556 iud.
1211 3503 1285 3556 Vrat
1305 3503 1380 3556 1874.

161 3593 187 3646 Η
204 3589 330 3652 liichael,
358 3591 392 3642 de
412 3589 499 3644 Amm.
518 3587 599 3642 lianc.
619 3587 716 3641 studiis
742 3587 936 3651 Ciceronianis,
960 3589 1033 3642 Vrat.
1055 3589 1128 3642 1874.
1164 3589 1318 3651 EGeisler.
1347 3591 1380 3644 de

162 3675 330 3746 Apollinaris
355 3675 461 3728 Sidonii
483 3674 589 3742 studiis,
626 3673 700 3727 Vrat.
721 3673 795 3737 1885,
828 3675 875 3743 qui
901 3675 985 3728 etiam
1008 3675 1126 3729 indicem
1150 3677 1277 3730 editionis
1300 3677 1380 3730 Luct-

159 3763 356 3838 johaunianael
371 3761 497 3816 coniecit.
533 3760 659 3825 Lubeck,
687 3761 869 3830 Hieronymus
895 3779 967 3831 quos
994 3764 1101 3818 noverit
1128 3763 1275 3832 scriptores
1298 3771 1380 3820 etex

163 3853 262 3922 quibus
290 3849 421 3912 hauserit,
449 3849 523 3918 Lips.
545 3849 618 3902 1872.
655 3847 790 3916 FVogel‚
820 3850 1000 3915 Sallustiana,
1027 3856 1078 3904 act.
1100 3851 1211 3920 Erlang.
1230 3853 1381 3908 1313-65

162 3941 185 3995 11
203 3937 337 4000 loo-t&
366 3936 439 3990 idem
466 3935 592 3988 Ennodio
621 3935 737 3988 indicem
767 3935 874 4000 adiecit,
902 3936 983 3991 Avito
1010 3937 1116 4006 Peiper.
1151 3938 1178 3992 H
1195 3938 1263 3999 Ihm.
1290 3939 1381 3994 studia

161 4025 352 4087 Ambrosiam,
372 4021 463 4078 nleek.
482 4038 545 4076 ann.
565 4023 655 4092 suppl.
668 4023 740 4076 xvn
754 4041 778 4092 p.
792 4023 905 4077 80-94.
931 4023 1011 4078 Haud
1025 4041 1114 4094 pauca
1126 4024 1208 4080 didici
1221 4043 1255 4080 er
1267 4026 1379 4081 Ausonii

162 4114 296 4170 indicibus
324 4111 487 4180 Peiperiano
515 4115 543 4164 et
571 4109 782 4173 Schenkeliano
811 4109 954 4166 Claudiani
982 4112 1113 4180 leepiano
1141 4114 1236 4182 (praet.
1264 4115 1318 4167 vol.
1336 4113 1380 4183 ΙΙ),

161 4201 265 4257 Manilii
284 4197 516 4254 commentatione
535 4214 607 4267 quae
625 4197 793 4252 inscribitur:
822 4199 860 4252 Zu
890 4199 1136 4267 spauateinischen
1154 4200 1293 4263 Dichtem,
1319 4200 1381 4254 ZoG

163 4290 229 4342 1886
249 4305 275 4356 p.
294 4288 335 4340 81.
354 4285 414 4339 141.
432 4285 492 4338 lul.

251 4391 270 4460 ¹)
288 4392 329 4446 De
348 4389 492 4445 Claudiani
510 4389 634 4443 Mamerti
654 4389 716 4444 loco
735 4390 886 4445 Teuffelius
910 4391 1012 4444 rectius
1030 4391 1169 4446 iudicasse
1187 4392 1254 4446 mihi
1271 4392 1380 4446 videtur

162 4497 246 4550 quam
263 4478 491 4546 Engelbrechtius
505 4477 522 4530 l.
536 4477 553 4530 l.
567 4494 592 4545 p.
602 4476 667 4540 436;
686 4475 816 4531 Varronis
835 4478 921 4532 libros
935 4495 951 4532 a
963 4479 1116 4534 Claudiano
1134 4479 1222 4532 tectos
1240 4497 1302 4534 esse
1320 4497 1379 4548 per·

162 4568 279 4622 suadere
297 4565 364 4619 mihi
382 4579 439 4618 non
458 4580 579 4633 possum.
610 4563 771 4618 Ambrosius
790 4564 938 4634 plurimum
957 4565 1040 4619 studii
1058 4566 1086 4618 in
1104 4565 1237 4620 Sallustio
1250 4567 1380 4621 Cicerone

162 4652 281 4720 Vergilio
300 4652 404 4722 posuit;
423 4651 458 4706 de
469 4651 538 4705 Livii
551 4651 639 4704 Taciti
653 4651 771 4706 Phaedri
791 4652 910 4708 lectione
928 4653 1109 4708 dubitandum
1126 4659 1177 4718 cst,
1195 4654 1288 4724 quoad
1301 4653 1381 4726 plura

162 4743 332 4812 indagentur·
348 4739 473 4810 vestigia.
510 4739 548 4796 Cl.
567 4739 626 4796 Ihm
645 4739 663 4796 l.
683 4755 705 4794 c.
723 4740 765 4796 tn.
