3459 5200
551 1252 968 1351 Praefatio

721 1656 792 1739 gc

235 1823 275 1903 Q.
301 1824 456 1893 Aurelius
486 1826 705 1910 Symmachus
734 1831 834 1893 natus
864 1830 936 1893 erat
969 1846 1010 1892 ex
1044 1826 1101 1891 illa
1133 1828 1249 1909 gente,
1283 1844 1369 1909 quae

151 1937 345 2021 ingentibus
364 1938 488 2005 divitiis
511 1940 663 2022 praedita
686 1944 720 2005 et
741 1940 899 2024 antiquos
923 1939 1005 2005 deos
1029 1939 1143 2005 colens
1167 1958 1236 2004 non
1260 1940 1369 2004 solum

150 2050 185 2115 in
215 2051 421 2134 republica,
454 2072 570 2118 verum
598 2053 699 2119 etiam
729 2054 764 2118 in
791 2053 913 2119 litteris
940 2052 1087 2119 maximo
1117 2052 1229 2118 studio
1255 2072 1370 2118 versa·

149 2162 289 2247 batur.²)
329 2164 429 2231 Pater
450 2165 630 2249 praecipue
653 2166 863 2250 eloquentiae
886 2167 985 2233 laude
1007 2165 1148 2249 clarus')
1170 2164 1372 2231 Antiochiae

150 2276 281 2343 Libanii
305 2278 530 2344 familiaritate
552 2299 634 2345 usus
657 2278 775 2364 erat;³)
804 2300 880 2345 cum
902 2280 971 2345 ruri
993 2280 1201 2359 versabatur,
1223 2275 1371 2344 amimam

150 2385 265 2453 litteris
286 2388 438 2455 accolebat
460 2390 523 2474 (or.
545 2392 573 2455 V
598 2392 642 2475 1);
670 2392 771 2457 etiam
794 2392 1000 2458 carminibus
1023 2391 1210 2458 condendis
1233 2410 1371 2475 operam

151 2503 295 2569 navabat
318 2502 344 2585 (Ι
366 2502 448 2587 W),
482 2524 567 2587 quae
591 2503 695 2569 nimia
716 2503 815 2569 laude
838 2506 956 2570 efferre
979 2504 1078 2573 nobis
1100 2504 1233 2569 videtur
1253 2501 1372 2587 filius⁶l

150 2613 176 2696 (Ι
201 2616 260 2695 1,4.
284 2617 351 2695 32:
379 2635 468 2681 amus
489 2619 590 2682 aetate
609 2619 721 2682 mostra
742 2621 899 2682 monetam
920 2614 1067 2683 Lotmrts
1087 2615 1201 2698 ctoqoic'
1220 2614 1373 2682 Tadiano

149 2723 265 2792 taam
284 2725 422 2808 finxisti.
449 2729 526 2812 Μ),
550 2730 610 2796 sed
625 2729 682 2795 illa
697 2734 807 2796 aetate
823 2732 898 2797 sine
914 2732 1015 2796 dubio
1041 2750 1159 2796 omnes
1175 2731 1371 2810 efferebant,

152 2860 218 2924 qua
239 2843 277 2906 ut
299 2841 334 2905 in
356 2861 555 2924 magnorum
570 2841 782 2925 ingeniorum
811 2842 927 2926 inopia
957 2844 1029 2909 fieri
1060 2843 1155 2922 solet,
1189 2843 1374 2909 mediocria

153 2973 284 3036 quoque
307 2972 439 3020 summa
453 2955 676 3022 admiratione
692 2955 793 3039 digna
812 2956 1049 3021 iudicarentur.
1082 2955 1149 3020 Pro
1166 2959 1257 3020 certo
1273 2955 1375 3038 igitur

152 3065 344 3132 habendum
375 3071 466 3133 esset
498 3068 601 3133 filium
629 3067 749 3134 litteris
779 3067 1035 3150 diligentissime
1062 3066 1254 3133 institutum
1287 3087 1374 3150 esse,

242 3307 262 3378 ¹)
281 3308 321 3364 Cl.
338 3309 371 3365 lb
391 3309 518 3374 Schiller,
537 3311 636 3366 Cesch.
655 3311 681 3366 d.
699 3317 768 3366 rom.
786 3309 907 3365 Kaiserz.
925 3310 950 3365 Π
968 3309 1028 3365 291.
1046 3309 1099 3365 lua
1117 3325 1179 3379 sqq.

238 3413 261 3480 ²)
280 3413 335 3469 CIL
347 3414 383 3468 VI
404 3415 472 3470 1698
489 3415 587 3484 (Seeck
605 3431 646 3485 pr.
658 3416 742 3486 XL1):
760 3415 807 3484 qut
820 3413 930 3485 primus
946 3414 978 3470 ia
994 3417 1090 3470 matu
1105 3410 1265 3469 munimus
1280 3409 1374 3482 mpori

150 3497 247 3554 solitas
258 3501 418 3556 auctoritate
425 3501 573 3572 praetentio
584 3503 687 3574 atque)
705 3501 851 3572 emmau
858 3519 912 3574 pro
928 3501 1057 3574 dignitate
1074 3500 1146 3558 tanti
1156 3499 1261 3556 ordiaris
1271 3499 1375 3570 magret-

151 3586 270 3643 tudinem
294 3587 344 3644 loet'
361 3589 418 3646 eitra
440 3589 587 3660 inpleverit.
615 3591 698 3646 Nulla
716 3609 749 3646 ex
767 3609 797 3646 re
815 3592 903 3660 magis
923 3591 1053 3660 cognosci
1070 3595 1170 3660 potest,
1189 3588 1286 3659 quanti
1304 3589 1375 3642 haec

153 3676 245 3731 studia
263 3677 409 3732 aestimata
428 3679 484 3732 sint
502 3694 586 3748 quam
603 3679 668 3734 inde
687 3680 763 3749 quod
782 3679 810 3732 in
828 3680 915 3733 titulis
934 3678 1051 3748 puhlicis
1070 3680 1328 3740 commemorantur,
1346 3676 1375 3730 id

155 3766 231 3834 quod
255 3765 374 3834 primum
396 3765 428 3820 m
450 3772 514 3837 post
536 3765 657 3821 medium
680 3766 822 3822 saeculum
845 3766 956 3820 tertium
982 3767 1025 3836 (ll.
1044 3765 1162 3820 Schiller
1183 3765 1202 3821 l.
1221 3782 1244 3820 c.
1262 3764 1275 3818 l
1293 3763 1375 3833 895⁸).

240 3871 261 3940 ⁸)
280 3870 320 3926 Cl.
338 3871 434 3936 Morio,
454 3871 551 3928 eludes
570 3888 618 3926 sur
636 3872 810 3942 Symmaque,
837 3871 915 3925 Paris
935 3871 1002 3925 1847
1020 3889 1047 3940 p.
1060 3872 1076 3925 7
1089 3886 1152 3940 sqq.
1183 3870 1271 3925 Seeck
1288 3868 1375 3938 prael.

153 3957 225 4012 XLII
244 3959 307 4014 adn.
326 3960 368 4014 88.

240 4061 263 4131 ⁴)
281 4061 444 4132 Ubicunque
462 4062 531 4117 nibil
550 4063 676 4132 apposui,
695 4064 831 4132 epistulae
848 4061 1053 4132 intellegendae
1072 4067 1145 4116 sunt

244 4167 264 4238 ⁵)
282 4167 398 4236 Egregie
408 4166 572 4230 Volkmann,
592 4167 723 4237 Synesius
736 4184 791 4222 von
805 4169 917 4237 Cyrene,
935 4185 962 4236 p.
976 4165 1041 4222 116:
1059 4165 1154 4232 „diese
1165 4165 1378 4220 dhertriebenen

155 4254 336 4325 Lobsprtlche
355 4297 361 4310 .
380 4297 387 4310 .
407 4255 456 4309 auf
472 4255 522 4309 der
539 4255 620 4310 einen
640 4255 722 4322 Seite,
749 4257 800 4310 wie
820 4256 864 4311 die
887 4255 1081 4311 ubertriebene
1099 4253 1332 4307 Bcscheidenheit
1349 4253 1378 4306 in

155 4344 261 4398 Betrcli
277 4345 326 4398 der
344 4343 460 4411 eigenen
471 4343 640 4412 Leistungeu
654 4345 704 4398 aui
714 4345 763 4398 der
775 4345 898 4398 anderen
910 4343 972 4398 sind
985 4359 1042 4396 nun
1055 4343 1122 4396 aber
1134 4342 1199 4395 echt
1210 4341 1379 4410 sophistisch

155 4433 213 4486 und
231 4436 358 4486 verraten
375 4431 414 4485 im
432 4431 542 4486 Grande
562 4449 726 4501 genommen
744 4433 818 4487 doch
836 4448 889 4486 nur
907 4431 952 4486 ein
964 4430 1105 4493 Zeitalter,
1124 4431 1174 4485 das
1192 4429 1230 4482 im
1241 4427 1378 4483 Bewusst-

156 4519 216 4573 sein
239 4519 330 4573 seiner
354 4519 470 4587 eigenen
496 4520 630 4589 geistigcn
656 4520 790 4574 Sterilitdt
812 4521 870 4574 und
889 4519 1041 4574 Schwache
1063 4517 1123 4571 sich
1144 4517 1194 4572 mit
1215 4517 1380 4570 tandelnder

156 4606 368 4675 Formspielcrei
385 4607 509 4676 begnssgt
525 4609 583 4662 und
601 4607 639 4662 im
651 4607 728 4662 Lobe
747 4609 796 4661 der
807 4605 1057 4675 Mittelmassigkeit
1073 4604 1301 4672 unerschdpsslch
1318 4605 1379 4658 ist·‘.

157 4693 233 4756 Zink,
253 4693 413 4762 Fulgentius
432 4712 457 4764 p.
471 4697 495 4750 3.
523 4695 717 4764 Engelbrecht,
736 4695 844 4750 Unters.
863 4695 932 4749 uber
950 4695 994 4748 die
1008 4693 1131 4763 Spracha
1149 4693 1198 4746 des
1212 4691 1380 4746 Claudianus

156 4781 314 4845 Mamertus
343 4783 529 4852 Sitzungsbcr.
555 4785 604 4837 der
621 4783 732 4838 Wiener
751 4781 835 4838 ulad.
855 4783 921 4852 phil.
939 4783 1004 4837 bist.
1037 4781 1075 4836 el.
1096 4781 1163 4834 1886
1186 4780 1252 4850 (CX)
1275 4797 1302 4848 p.
1320 4779 1380 4834 431.

1215 4887 1227 4938 1
