3459 5200
896 414 941 481 34

392 610 440 675 Ac
467 611 603 694 primum
630 609 759 693 quidem
787 610 876 675 locos
907 629 1051 695 propono
1081 629 1145 692 eos,
1179 609 1296 693 quibus
1329 607 1474 674 familiae
1501 607 1529 670 Y

304 715 435 785 codices
459 719 618 803 genuinas
642 718 798 784 lectiones
822 715 990 784 exhibent:

650 844 706 910 ue
765 900 786 952 s
1186 839 1343 925 naono

304 969 381 1039 dial.
431 971 483 1037 at
531 968 673 1034 &lenm
696 968 723 1033 A
756 967 883 1035 Galeria
908 969 935 1033 B
999 969 1131 1035 Βαὶθίωη
1156 965 1285 1052 V20ch
1310 967 1492 1033 senaab

431 1078 505 1144 alt
528 1080 721 1142 necessitates
997 1078 1232 1141 necessitudines
1335 1074 1347 1086 ““

341 1172 344 1180 ’
431 1183 506 1253 529
525 1187 672 1268 prosapie
993 1187 1139 1274 persnpio

433 1293 505 1358 62·
530 1292 725 1356 iocunditatis
748 1293 777 1355 Α
997 1293 1168 1357 iocunditas
1192 1287 1318 1374 amon
1345 1364 1350 1375 .

359 1475 363 1485 Ι
529 1399 726 1463 iac-traditatis
748 1398 774 1462 B
916 1409 918 1416 ’
998 1401 1169 1466 inconditos
1193 1397 1222 1461 D

368 1573 372 1581 ,
433 1525 505 1591 621
531 1525 779 1608 annonamque
808 1524 841 1604 (b
873 1545 944 1610 pam-
999 1545 1195 1612 qaencnnque
1216 1521 1244 1586 Ε
1268 1511 1381 1610 padc‘rap
1405 1519 1445 1603 V,

313 1703 320 1720 Ι
531 1653 648 1718 cunque
671 1629 703 1696 in
726 1630 840 1718 marg.)
999 1652 1204 1716 quancunqrm
1228 1629 1252 1699 O
1276 1649 1478 1716 commorique
1499 1627 1530 1691 D

314 1815 318 1827 Ι
433 1739 506 1807 621
531 1740 672 1804 indueret
1000 1741 1133 1804 induerit

434 1848 506 1912 tlt
530 1843 571 1913 no
582 1843 585 1847 ’
998 1849 1124 1911 nomino

315 2029 319 2037 ,
433 1955 485 2020 9.9
534 1955 729 2020 OceleiarnA
751 1952 945 2018 CoeleiarnB
1000 1953 1136 2019 Saleium
1159 1948 1286 2036 aaut
1311 1950 1441 2018 Sellium
1464 1949 1493 2014 D

433 2062 507 2128 ala
531 2069 575 2126 est
999 2063 1064 2124 eires
1381 2053 1385 2062 ’

413 2168 485 2235 10.3
532 2171 733 2252 [ianepaitur
755 2167 785 2232 A
999 2171 1135 2254 sequntur·

318 2327 324 2334 .
531 2277 701 2360 insequitur·
723 2275 750 2339 B
835 2349 839 2356 ¹
1354 2319 1357 2324 -

318 2438 323 2447 „
413 2383 508 2449 10.19
532 2384 694 2466 abaciam
1001 2383 1152 2464 elegorum
1177 2378 1285 2445 acal)
1311 2381 1469 2463 elegorum,
1486 2377 1534 2462 V„

306 2633 362 2686 qua
381 2618 422 2670 est
441 2633 508 2685 erga
527 2614 630 2670 codices
644 2616 693 2671 AB
711 2614 818 2678 fiducia,
838 2633 919 2669 neum
937 2614 1106 2685 pronominis
1126 2619 1173 2669 rste
1190 2615 1220 2669 iu
1239 2615 1263 2667 X
1282 2613 1462 2685 singulariter
1479 2612 1531 2667 fre-

306 2708 437 2773 quentem
451 2704 547 2759 Tacito
559 2702 722 2759 vindicavit.
754 2702 807 2760 Sed
821 2704 889 2759 adeo
907 2704 960 2757 sibi
979 2704 1033 2759 nit
1047 2704 1213 2769 inconstans,
1233 2707 1265 2758 ut
1279 2702 1344 2758 dial.
1359 2703 1401 2757 39.
1416 2702 1530 2766 21-23,

306 2794 354 2847 ubi
374 2810 422 2863 per
441 2795 611 2863 anaphoram
629 2794 659 2847 in
672 2793 698 2847 X
717 2796 774 2860 iste,
793 2794 823 2847 in
841 2793 868 2847 Y
889 2796 932 2847 ille
951 2796 993 2849 ter
1011 2794 1154 2863 repetitur,
1174 2794 1264 2848 sectae
1276 2792 1302 2846 Y
1321 2794 1530 2861 obtemperaret,

305 2884 349 2937 6.9
381 2882 534 2953 scripturae
566 2888 632 2938 istos
663 2884 698 2938 ab
725 2884 773 2937 AB
800 2884 942 2938 exhibitae
971 2882 1152 2939 Ottoboniani
1181 2882 1326 2937 lectionem
1356 2885 1429 2951 ipsos
1456 2898 1530 2950 prae-

306 2974 398 3027 ferret.
432 2972 555 3038 Bindiua
575 2973 624 3041 qni
638 2972 840 3029 dimertauonis
857 2990 924 3029 suae
942 2973 1034 3042 eapite
1048 2973 1076 3027 11
1093 2974 1165 3029 hanc
1183 2972 1372 3041 quaestionem
1391 2970 1531 3035 mactarit,

306 3062 378 3120 libro
396 3064 421 3116 A
438 3063 522 3117 fidem
539 3062 695 3119 habendam
715 3080 772 3119 esse
791 3062 942 3119 arbitiatus
960 3062 990 3117 in
1010 3062 1035 3115 Y
1055 3063 1230 3119 amanuensis
1248 3061 1370 3117 arbitrio.
1382 3078 1532 3133 pronomen

308 3154 358 3205 iste
375 3152 529 3207 extinctum
548 3170 604 3207 esse
623 3156 723 3216 censet,
748 3152 795 3205 ubi
815 3152 928 3218 nudum,
953 3152 1001 3206 ubi
1021 3155 1085 3206 ante
1105 3170 1185 3206 suum
1203 3168 1311 3217 nomen,
1331 3150 1378 3207 ubi
1396 3153 1458 3223 post
1476 3150 1531 3221 pri-

305 3258 383 3295 mum
405 3242 580 3307 adientium,
605 3242 628 3295 si
651 3241 824 3296 substantivo
847 3241 901 3295 duo
925 3244 1102 3311 apponuntur
1125 3240 1271 3307 adiectiva‚
1295 3240 1414 3311 positum
1438 3239 1530 3295 luerit.

306 3330 360 3385 Sed
377 3330 497 3400 primum
515 3330 580 3385 hnic
597 3330 653 3400 legi
674 3334 729 3385 tres
746 3334 906 3401 repugnant
924 3330 990 3385 loci:
1011 3332 1081 3396 233,
1100 3330 1188 3395 4124,
1209 3328 1283 3395 aaa
1303 3328 1402 3385 deinde
1420 3332 1531 3383 omnino

306 3436 361 3473 non
380 3423 504 3489 apparet,
529 3436 585 3487 qua
607 3419 820 3477 ratiocinatione
842 3420 941 3477 ductum
965 3420 1140 3475 amanuensis
1163 3419 1230 3490 ipsis
1249 3418 1305 3473 illis
1328 3418 1532 3474 condicionibus

305 3524 455 3577 pronomen
474 3514 523 3563 iste
541 3509 684 3577 respuerit.
716 3508 798 3565 Hand
816 3508 1000 3579 spernendum
1020 3526 1083 3565 vero
1102 3512 1297 3578 argumentum
1317 3508 1431 3563 Bindins
1449 3525 1533 3579 oppo-

306 3596 363 3652 suit
382 3598 555 3662 Baehrensio‚
575 3598 623 3665 qui
643 3598 683 3652 ed.
703 3617 730 3667 p.
745 3599 780 3653 52
799 3599 963 3669 exemplaris
982 3599 1152 3655 Henocbiani
1172 3598 1364 3669 compendium
1384 3596 1408 3649 pe
1425 3614 1473 3667 pro
1488 3600 1532 3652 ille

306 3684 344 3753 (pa
363 3705 417 3757 pro
432 3690 491 3756 illc,
514 3686 600 3767 etsie
617 3704 665 3757 per
684 3690 788 3743 ceteras
807 3688 919 3757 formas)
943 3688 1087 3743 librarium
1111 3688 1210 3744 codicis
1228 3688 1253 3743 X
1275 3688 1345 3743 falso
1368 3703 1425 3743 esee
1448 3686 1530 3741 inter-

307 3778 448 3846 pretatum
466 3771 574 3830 statuit.
613 3776 686 3831 Bene
705 3777 779 3832 enim
792 3776 907 3833 Bindius
926 3781 1020 3833 monet
1039 3778 1157 3847 probata
1170 3776 1330 3833 Baehreneii
1351 3774 1532 3845 explicatione

306 3882 361 3921 non
379 3865 492 3934 liquere,
516 3866 565 3934 qni
584 3866 689 3921 iactum
708 3866 753 3933 sit,
777 3869 809 3922 ut
829 3868 859 3921 in
878 3866 1027 3923 Germania
1050 3866 1154 3923 codices
1173 3864 1221 3921 AB
1243 3884 1390 3935 pronomen
1409 3869 1459 3920 iste
1477 3882 1531 3920 uno

306 3957 366 4011 loco
389 3956 498 4023 (lost),
522 3955 552 4008 in
576 3955 744 4011 Suetoniano
766 3956 861 4012 libello
885 3957 995 4012 omnino
1018 3973 1073 4011 non
1096 3956 1252 4011 exhibeant.
1290 3954 1424 4024 Equidem
1447 3972 1531 4024 quam

307 4046 427 4101 maxime
444 4046 550 4110 dubito,
568 4046 692 4115 possitne
710 4047 778 4102 baec
796 4047 923 4114 qnaemic
941 4046 1090 4117 profligati,
1108 4046 1163 4103 nisi
1181 4046 1215 4100 de
1235 4062 1284 4101 usn
1302 4062 1335 4100 ac
1352 4048 1455 4102 natura
1471 4062 1530 4116 pro·

307 4134 425 4190 nominis
443 4139 493 4189 iste
510 4136 715 4191 accuratissime
734 4137 787 4191 erit
804 4136 974 4207 inquisitum
989 4136 1120 4207 inspectis
1134 4135 1270 4193 Ciceronis
1288 4140 1317 4195 et
1335 4135 1531 4207 principalium

306 4229 455 4295 argenteae
472 4225 625 4280 latinitatis
645 4229 788 4281 auctorum
807 4227 941 4296 operibus,
961 4226 1097 4296 imprimis
1116 4226 1250 4297 dialogice
1264 4226 1381 4297 seriptis.
1414 4226 1486 4281 Nam
1500 4229 1532 4280 ut

307 4316 443 4370 codicibus
462 4315 509 4369 AB
527 4316 609 4371 fidem
627 4333 682 4371 non
701 4333 758 4371 esse
776 4316 932 4373 habendam
951 4316 1021 4370 mihi
1040 4316 1171 4385 persuasi,
1190 4315 1231 4373 ita
1250 4316 1395 4385 quominus
1414 4316 1531 4371 alteram

307 4407 421 4460 classem
445 4404 572 4459 omnibus
591 4404 657 4459 locis
683 4423 781 4474 sequar
799 4424 833 4461 ea
850 4424 893 4461 res
911 4406 1036 4477 impedit,
1061 4405 1134 4475 quod
1153 4406 1287 4475 quomodo
1311 4399 1379 4463 haec
1397 4408 1530 4461 sectarum

308 4494 463 4549 differentia
482 4494 634 4564 explicetur
651 4512 706 4549 non
725 4494 847 4566 dispicio.
1239 4484 1243 4495 ¹

395 4603 542 4659 Praeterea
565 4604 734 4659 omittuntur
758 4603 784 4657 ei
806 4603 870 4671 loci,
894 4604 993 4672 quibas
1019 4604 1050 4659 in
1078 4604 1240 4673 corruptelis
1259 4606 1288 4659 et
1313 4603 1531 4673 orthographicis

306 4692 386 4777 rebus
404 4691 529 4747 familiae
546 4692 572 4746 X
591 4697 620 4747 et
637 4693 663 4747 Y
682 4691 834 4747 dmcedunt
