3459 5200
975 379 1021 444 40

384 582 566 662 coeperunt.
589 575 630 642 (16
654 583 756 658 tranq.
781 595 832 643 an.
856 575 921 640 132
938 573 992 639 Sic
1015 593 1077 657 ego
1100 592 1222 659 vereor,
1236 593 1278 640 ne
1300 571 1509 658 consuetudo,
1524 593 1608 656 quae

385 685 480 750 rebus
503 683 610 749 adfert
633 682 857 767 constantiam,
885 681 947 747 hoc
969 680 1082 746 vitiurn
1105 679 1182 745 mihi
1206 680 1305 746 attius
1328 680 1424 764 tigat3
1453 687 1520 745 tam
1543 701 1610 744 rna·

386 792 488 856 lorum
511 811 607 875 quam
630 791 783 854 bonorum
807 788 907 872 longa
930 787 1132 854 conversatio
1157 811 1298 856 cruorem
1321 786 1434 855 induit.

474 1005 512 1068 Τ.
538 1003 643 1086 Agric.
666 1006 719 1068 42.
750 1005 803 1068 14:
827 1000 991 1087 proprium
1014 1001 1146 1066 humani
1168 999 1289 1083 ingenii
1313 1009 1364 1066 est
1386 1005 1494 1069 odiose
1517 1026 1609 1090 quem

385 1115 525 1178 laeseris.

475 1217 506 1282 S.
530 1216 571 1282 de
595 1217 644 1281 ira
667 1217 699 1282 Π
722 1219 774 1282 33.
796 1221 825 1282 1:
846 1217 917 1282 Hoc
940 1215 1061 1282 habent
1083 1215 1259 1300 pessimum
1283 1214 1382 1279 animi
1405 1236 1526 1298 magna
1548 1215 1610 1281 for-

386 1331 463 1389 tuna
494 1322 685 1390 insolentes:
719 1347 798 1411 puoe
830 1327 1001 1406 laeserant,
1032 1334 1061 1389 et
1090 1326 1237 1390 oderunt.
1261 1359 1305 1368 -
1328 1320 1452 1386 Eadem
1479 1343 1544 1406 qua
1571 1325 1610 1391 Τ.

376 1425 515 1497 'dicendi
541 1431 645 1496 forma
673 1451 750 1497 usus
778 1420 828 1497 est
857 1430 890 1498 S.
918 1429 961 1497 de
992 1429 1042 1495 ira
1065 1429 1180 1498 [1129.
1208 1433 1241 1498 1:
1274 1431 1383 1514 Turpe
1415 1442 1462 1498 est
1493 1435 1611 1514 odisse,

385 1561 477 1628 quera
500 1536 623 1605 laudes.

475 1753 512 1820 T.
540 1752 648 1836 Agric.
677 1755 729 1818 42.
756 1756 811 1819 18:
845 1756 956 1834 odorat,
991 1751 1108 1835 quibua
1139 1751 1237 1817 moris
1265 1759 1316 1818 est
1338 1751 1461 1818 inlicita
1492 1753 1610 1836 mirari,

385 1879 483 1946 posse
506 1864 597 1926 ettam
621 1860 680 1925 sub
704 1859 799 1925 malis
822 1858 1021 1944 principibus
1044 1878 1182 1941 magnos
1204 1857 1291 1926 viros
1314 1879 1396 1926 esse.

474 1967 505 2035 S.
529 1966 570 2034 de
590 1973 693 2051 tranq.
718 1987 770 2032 an.
794 1967 872 2033 V3:
900 1973 936 2032 ut
957 1971 1038 2031 scios
1060 1975 1090 2031 et
1112 1965 1144 2030 in
1168 1965 1302 2032 adflicta
1325 1987 1360 2033 re
1383 1967 1513 2052 publica
1536 1987 1610 2034 esse

386 2075 591 2142 occasionem
615 2074 755 2160 sapienti
777 2074 847 2141 viro
871 2073 916 2139 ad
939 2094 975 2140 se
998 2072 1235 2158 proterendum.

475 2287 513 2356 Τ.
538 2288 621 2356 Hist.
645 2289 690 2354 IV
714 2290 743 2354 3.
761 2291 794 2354 7:
819 2293 910 2352 tanto
929 2289 1098 2371 proclivius
1121 2293 1171 2353 est
1193 2290 1327 2354 iniuriae
1349 2311 1441 2373 quum
1471 2292 1611 2372 beneficio

384 2399 477 2462 uicem
503 2398 669 2476 6666111616,
694 2394 773 2478 quia
793 2398 896 2476 prodo
918 2397 1015 2476 (111611,
1039 2398 1114 2460 uitio
1137 2397 1171 2458 iu
1193 2404 1319 2478 pecccata
1341 2397 1476 2461 debetur.

475 2501 505 2568 S.
529 2501 570 2568 de
593 2501 697 2568 benef.
720 2501 736 2564 1
765 2505 790 2567 1.
808 2505 842 2568 8:
866 2524 936 2566 acm
962 2504 1007 2566 ita
1029 2510 1143 2566 autrico
1166 2511 1366 2586 coaequantium
1389 2507 1438 2584 ait,
1462 2512 1496 2568 ut
1518 2508 1610 2569 attius

385 2614 519 2676 iniuriae
546 2632 639 2694 quum
662 2612 771 2675 ruer-itu
794 2611 979 2674 desceruiaut
1006 2614 1039 2674 61
1066 2608 1124 2673 iiia
1152 2609 1215 2674 cito
1244 2608 1397 2693 defluant,
1424 2609 1485 2676 has
1514 2618 1609 2677 tenax

386 2717 540 2783 memoria
564 2714 735 2801 custodiat,
759 2714 838 2800 quid
862 2722 1020 2802 expectat,
1040 2716 1095 2799 qui
1119 2715 1262 2794 offendit,
1283 2716 1359 2782 dum
1383 2717 1528 2800 obligat?
1552 2719 1609 2803 Ep.

387 2828 440 2891 81.
469 2827 523 2891 15:
548 2823 582 2888 in
604 2822 667 2888 hac
691 2822 922 2908 conparatione
945 2825 1081 2907 beneficii
1103 2831 1136 2888 61
1162 2826 1295 2889 iniuriae
1322 2824 1372 2888 vir
1399 2824 1501 2890 bonus
1529 2825 1609 2891 iudi-

386 2931 474 2998 cabit
502 2929 632 3015 quidem
664 2929 749 3013 quod
783 2930 844 2996 erit
877 2930 1116 3016 aequissimum,
1148 2929 1207 2996 sed
1239 2932 1380 3014 dcwficio
1408 2930 1545 2999 favebit:
1578 2932 1609 2997 in
1717 2971 1718 2998 1

385 3039 469 3105 hanc
493 3038 554 3105 erit
571 3044 697 3123 partem
711 3040 887 3123 proclivior.
981 3041 1036 3103 rt:
1061 3043 1148 3103 errat
1171 3036 1264 3123 eninr,
1287 3037 1317 3103 si
1340 3039 1412 3121 quis
1435 3040 1610 3122 bereflcium

386 3145 506 3231 accipit
527 3144 679 3211 libentius
703 3165 799 3229 quarn
823 3143 940 3211 reddit.
963 3151 1083 3228 quanto
1107 3144 1240 3210 hilarior·
1255 3152 1313 3224 est,
1333 3144 1388 3229 qui
1403 3146 1500 3211 solvit
1513 3166 1610 3230 quam
1717 3181 1718 3184 ¹

386 3252 441 3337 qui
464 3258 634 3336 mutuatur,
657 3258 746 3317 tanto
771 3251 869 3317 debet
891 3251 1008 3317 laetior
1032 3272 1115 3336 csso,
1139 3252 1193 3335 qui
1218 3252 1418 3318 semanimo
1447 3272 1524 3319 aere
1552 3255 1609 3318 ati·
1717 3245 1718 3292 Ὗ

388 3380 449 3425 eno
473 3360 601 3444 accepti
624 3360 759 3442 beneficti
782 3367 939 3442 caccaret,
963 3378 1059 3444 quarn
1089 3359 1143 3443 qui
1172 3380 1243 3425 cnm
1270 3359 1409 3425 maxime
1437 3361 1608 3444 obligatur.

443 3468 500 3532 23:
526 3465 604 3550 quid
628 3471 735 3532 autem
760 3486 798 3533 eo
823 3466 980 3553 miserius,
1004 3470 1054 3532 cui
1076 3468 1220 3550 beneficio
1243 3470 1394 3549 occidunt,
1418 3470 1544 3534 haereat
1565 3474 1609 3533 ia-

385 3576 502 3639 iuriae?
532 3572 573 3639 de
596 3573 701 3641 benef.
725 3573 741 3639 I
765 3576 850 3641 3.1:
875 3574 909 3639 Is
936 3572 1043 3659 perdit
1071 3576 1223 3657 beneficio,
1253 3574 1307 3657 qui
1336 3574 1400 3639 cito
1433 3594 1469 3640 se
1503 3576 1608 3661 pordi-

385 3680 473 3747 disse
497 3680 612 3764 credit3
637 3687 672 3746 at
695 3682 750 3765 qui
773 3680 875 3747 instat
898 3687 930 3746 et
952 3690 1059 3748 onorat
1080 3682 1190 3768 priora
1214 3682 1430 3768 sequentibus,
1450 3682 1548 3749 etiarn
1569 3705 1608 3749 ex
1717 3713 1718 3748 1

385 3786 465 3853 duro
491 3795 523 3854 et
545 3788 711 3854 inmemori
735 3795 866 3875 pectore
887 3793 1022 3876 qratiam
1053 3788 1208 3854 extundit.
1239 3788 1280 3855 de
1307 3789 1411 3856 benef.
1434 3789 1481 3855 IV
1495 3792 1548 3858 40.
1574 3794 1607 3858 2:
1717 3795 1718 3844 ἶ

385 3894 495 3978 utique
519 3914 589 3960 curn
614 3894 745 3979 quidam
768 3895 914 3981 recipcre
937 3898 1114 3979 beneficium
1137 3900 1286 3962 iniuriam
1305 3895 1449 3963 iudicent
1472 3904 1505 3963 et
1524 3900 1607 3963 16116-
1717 3911 1718 3916 ’

376 4006 454 4084 ficio
491 4000 629 4068 subinde
659 4001 733 4068 aliis
766 4004 917 4087 beneficiis
949 4012 1083 4069 1111616111.
1131 4003 1173 4069 (16
1205 4004 1347 4070 moribus
1373 4005 1436 4070 128
1470 4005 1609 4083 (Seneca
1717 4057 1718 4070 .

385 4108 432 4172 111
446 4130 477 4193 p.
489 4110 553 4175 tot
564 4108 706 4192 Haase):
730 4108 822 4175 Multi
839 4118 914 4175 sunt
928 4109 1104 4196 obligandi,
1124 4112 1222 4196 pauci
1237 4109 1431 4179 offendendi.
1455 4131 1532 4176 nam
1544 4133 1608 4178 rne-

384 4214 486 4285 moria
524 4217 737 4298 beneficiorum
774 4215 903 4300 fragilis
941 4223 1004 4302 est,
1046 4221 1234 4284 iniuriarum
1270 4226 1379 4285 tenax.
1427 4215 1469 4284 de
1506 4218 1609 4285 benef.
1717 4265 1718 4270 κ

384 4322 429 4388 vi
452 4324 534 4391 5.1:
568 4322 699 4391 Dedisti
728 4326 912 4409 beneficium,
940 4327 1087 4391 iniurium
1116 4333 1232 4411 postea
1259 4325 1382 4409 fecisti3
1410 4332 1442 4391 61
1469 4327 1609 4410 beneficio

382 4434 485 4513 pratia
508 4428 686 4496 debebatur
710 4438 742 4497 et
764 4435 898 4497 iniuriae
919 4434 1004 4500 attio.
1050 4432 1110 4517 Ep.
1135 4436 1188 4500 81.
1209 4436 1243 4500 t:
1260 4433 1350 4512 „Hoc
1374 4439 1470 4517 certe,
1494 4433 1609 4518 inquis,

384 4536 528 4602 iustitiae
551 4538 708 4623 convenit,
732 4558 824 4604 suurn
848 4538 964 4623 cuique
987 4538 1132 4625 reddere,
1146 4542 1288 4623 beneficio
1308 4543 1453 4624 pretium,
1477 4544 1608 4607 1111611116

385 4646 527 4710 tationem
551 4650 607 4709 aut
630 4650 717 4711 certo
740 4644 859 4711 maiam
880 4650 1046 4729 pretium.“
