3459 5200
991 509 1032 573 76

424 720 514 784 κῶλα
535 727 641 783 ποιεῖν.
686 720 730 782 At
751 718 816 783 hoc
839 717 914 783 loco
938 737 1022 800 quae
1047 717 1095 782 vis
1118 717 1280 782 vocabulo
1310 713 1421 801 μέτρον
1444 716 1596 782 subiecta

425 823 469 888 sit
492 823 706 904 cognoscitur
728 842 768 886 ex
792 821 912 904 capitis
934 822 1036 885 modo
1060 821 1195 886 excitati
1224 820 1321 885 initio
1355 820 1400 903 (p.
1428 821 1504 901 258)
1532 829 1596 897 τοῖς

425 927 480 1009 μέν
502 925 658 1001 ἐποποιοῖς
681 922 791 1009 μέτρον
813 916 873 986 οὐκ
899 922 996 1001 ἐξεστι
1023 920 1236 1009 μεταβάλλειν,
1265 921 1333 987 ἀλλ’
1365 915 1490 1008 ἀνάγκη
1519 922 1596 987 πάν-

424 1049 479 1105 τας
501 1029 577 1092 εἶναι
609 1027 681 1104 τούς
713 1026 838 1111 στίχους
871 1026 1066 1112 ἑξαμέτρους·
1100 1024 1174 1091 odat
1193 1047 1232 1111 γε
1257 1023 1389 1112 ῥυθμόν,
1418 1024 1502 1090 ἀλλὰ
1533 1034 1597 1103 τοῖς

424 1128 486 1196 ἀπό
516 1133 639 1216 μακρᾶς
671 1128 856 1215 ἀρχομένοις
883 1129 1043 1216 συλλαβῆς
1070 1128 1252 1216 χρήσονται.
1303 1132 1347 1195 At
1374 1131 1465 1196 enim
1488 1132 1595 1196 multo

424 1235 631 1316 probabilius
656 1237 708 1298 est
730 1233 849 1315 longos
874 1233 949 1298 illos
973 1253 1090 1298 versus
1111 1233 1311 1298 Pindaricos
1334 1237 1369 1298 et
1389 1234 1433 1298 ab
1447 1233 1595 1299 Alexan-

423 1335 531 1402 drinis
565 1342 599 1401 et
632 1357 653 1401 a
684 1336 845 1419 Dionysio
873 1340 1011 1402 vocatos
1041 1355 1117 1400 esse
1145 1332 1317 1421 περιόδους.
1368 1336 1450 1402 Tria
1472 1337 1596 1402 saltem

423 1441 522 1505 huius
552 1439 684 1505 dicendi
718 1459 799 1504 usus
835 1439 977 1522 vestigia
1009 1440 1044 1502 in
1074 1440 1213 1505 scholiis
1242 1439 1432 1505 Pindaricis
1462 1459 1596 1506 reman-

424 1547 554 1618 serunt;
590 1543 630 1607 ci.
661 1543 765 1606 schol.
795 1542 838 1606 ol.
867 1542 912 1605 lX
942 1543 1012 1607 125.
1044 1543 1115 1607 134.
1142 1543 1173 1607 Χ
1200 1543 1243 1607 84
1274 1539 1328 1622 (τοὶ
1359 1540 1415 1606 δύο
1446 1541 1502 1627 μία
1532 1543 1597 1607 ἐστί

423 1645 596 1731 περίοδος),
633 1646 674 1710 de
712 1645 831 1729 quibus
870 1665 939 1710 non
975 1646 1018 1710 ab
1056 1645 1148 1710 omni
1184 1650 1280 1728 parte
1313 1651 1404 1711 recte
1436 1646 1596 1712 disseruit

424 1749 591 1815 Christius
620 1750 641 1814 l.
666 1767 692 1813 c.
722 1769 753 1830 p.
780 1749 839 1813 llo
868 1769 918 1831 sq.
955 1749 1063 1813 Porro
1092 1769 1270 1831 perperam
1305 1749 1472 1815 Christius
1500 1749 1537 1830 (l.
1567 1771 1595 1814 c.

421 1874 454 1935 p.
485 1853 561 1930 164,
595 1850 740 1916 Metrilr²
771 1872 803 1933 p.
838 1851 909 1915 132.
942 1851 1016 1916 616.
1049 1853 1113 1916 619
1145 1854 1209 1935 sq.)
1248 1854 1383 1934 negavit
1421 1873 1442 1916 a
1473 1855 1595 1919 veteri-

422 1959 484 2021 bus
529 1955 755 2039 grammaticis
797 1953 958 2035 periodos
1002 1975 1023 2018 a
1063 1955 1214 2038 strophis
1256 1955 1435 2020 distinctas
1478 1957 1593 2022 tuisse.

424 2057 587 2141 Inspicias
615 2058 714 2122 velim
743 2057 894 2139 Dionysii
923 2057 1033 2122 locum
1061 2057 1163 2122 modo
1193 2058 1329 2123 allatum
1362 2059 1408 2140 (p.
1434 2059 1497 2123 258
1521 2081 1594 2143 sqq.

425 2162 527 2243 Sch.).
571 2161 829 2242 Distinguuntur
850 2160 919 2224 illic
941 2158 1046 2241 κῶλα,
1068 2160 1224 2244 περίοδοι,
1251 2160 1392 2246 στροφαί.
1437 2162 1487 2226 Ex
1510 2164 1595 2228 colis

425 2265 612 2330 efficiuntur
644 2263 792 2348 περίοδοι,
827 2283 869 2328 ex
901 2263 1050 2346 periodis
1078 2263 1218 2347 στροφαί.
1275 2265 1363 2347 Ergo
1391 2284 1461 2330 non
1495 2287 1594 2331 secus

423 2375 523 2452 atquc
537 2368 675 2452 περίοδοι
690 2368 864 2450 complura
879 2368 1147 2449 complectuntur
1161 2365 1253 2430 κῶλα
1268 2368 1443 2433 continent
1461 2370 1596 2454 στροφαί

423 2473 611 2556 complures
640 2466 810 2556 περιόδους.
865 2471 957 2535 Idem
990 2470 1171 2535 edocemur
1199 2471 1266 2536 alio
1295 2491 1427 2554 quoque
1453 2473 1531 2538 loco
1554 2495 1593 2538 ex

422 2577 540 2642 eodem
556 2576 642 2641 libro
659 2575 801 2659 repetito
825 2581 910 2657 (cap.
926 2573 1014 2639 XXV
1028 2593 1060 2657 p.
1077 2574 1141 2639 384
1155 2574 1248 2657 Sch.)
1274 2571 1296 2660 ν)
1320 2576 1375 2661 μέν
1395 2573 1489 2661 ὅμοια
1510 2598 1595 2661 περ.-

421 2676 626 2766 λαμβάνουσα
665 2679 763 2765 μέτρα
801 2681 856 2743 καί
893 2678 1098 2764 τεταγμένους
1134 2675 1280 2757 σώζουσα
1316 2679 1456 2765 ῥυθμοὺς
1492 2681 1595 2745 κατὰ

422 2783 556 2867 στίχον
577 2780 600 2865 ἠ
622 2782 803 2867 περίοδον
825 2781 846 2865 ι)
870 2781 1042 2866 στροφήν
1060 2780 1263 2868 ...κᾷπειτα
1284 2779 1376 2847 πόλιν
1402 2791 1466 2859 τοῖς
1489 2781 1594 2860 αὐτοῖς

424 2886 554 2972 ῥυθμοῖς
568 2887 623 2949 καί
638 2884 759 2970 μέτροις
774 2886 824 2950 ἐπὶ
843 2885 904 2950 τῶν
926 2884 997 2969 ἑξῆς
1019 2884 1159 2970 στίχων
1180 2883 1202 2969 τ)
1224 2883 1416 2969 περιόδων
1435 2884 1459 2969 τ)
1481 2908 1593 2972 στρο-

422 2994 500 3073 φῶν
532 2986 681 3073 χρωμένη
701 3038 766 3071 ...,
801 2984 958 3073 ἔρρυθμός
985 2988 1050 3051 ἐστι
1077 2990 1132 3051 καί
1159 2988 1310 3074 ἐμμετρος
1337 2990 1397 3071 (sc.
1420 2988 1513 3073 λέξις)

422 3090 443 3178 q
467 3094 502 3157 δὲ
523 3092 747 3179 πεπλανημένα
770 3092 869 3178 μέτρα
883 3094 939 3155 καί
954 3089 1108 3168 ἀτάκτους
1123 3090 1263 3179 ῥυθμοὺς
1279 3092 1592 3179 ἐμπεριλαμβάνουσα

421 3198 476 3261 καὶ
498 3194 593 3282 μήτε
624 3194 869 3260 ἀκολουθίαν
898 3194 1091 3281 ἐμφαίνουσα
1120 3192 1221 3260 αὐτῶν
1254 3192 1350 3281 μήτε
1380 3189 1592 3283 ὁμοζυγίαν

422 3298 519 3385 μήτε
541 3298 818 3384 ἀντιστροφκίν,
842 3298 999 3385 εὔρυθμος
1021 3298 1076 3383 μέν
1103 3298 1184 3363 ἐστιν
1210 3300 1278 3363 κτλ
1329 3300 1411 3364 Tria
1438 3301 1495 3365 hic
1524 3302 1592 3367 dis·

349 3468 356 3495 ¹
423 3409 604 3469 cernuntur
627 3404 884 3487 compositionis
905 3423 1030 3485 genera
1051 3403 1150 3467 baec:
1176 3404 1206 3486 1)
1221 3402 1306 3467 κατὰ
1320 3402 1436 3489 στίχον,
1460 3406 1494 3488 P)
1509 3404 1592 3469 κατὰ

420 3507 573 3591 περίοδον,
597 3510 630 3589 3)
646 3503 729 3571 κατὰ
748 3506 895 3591 στροφήν.
933 3506 1021 3585 Quid
1044 3507 1205 3590 cuiusque
1226 3506 1401 3589 proprium
1424 3508 1478 3586 sit,
1502 3510 1590 3574 baud

422 3612 555 3694 illepide
589 3616 708 3694 postea
742 3610 909 3675 indicatur
941 3610 1114 3675 vocabulis
1150 3603 1329 3673 ἀκολουθία
1366 3612 1411 3691 (h.
1447 3632 1475 3675 e.
1509 3612 1593 3676 κατὰ

422 3712 552 3798 στίχον),
575 3712 727 3800 ὁμοζυγία
749 3714 796 3796 (h.
820 3735 848 3777 e.
872 3709 955 3777 κατὰ
976 3711 1143 3797 περίοδον),
1171 3708 1359 3797 ἀντιστροτρή
1386 3714 1433 3794 (h.
1457 3735 1486 3779 e.
1509 3714 1592 3779 κατὰ

421 3814 580 3902 στροφήν).
628 3818 678 3882 Ex
700 3817 775 3901 ipsa
797 3817 860 3881 hac
884 3816 1108 3899 responsione
1136 3821 1275 3898 apparet
1302 3817 1358 3881 hic
1386 3836 1520 3900 quoque
1542 3817 1592 3883 di·

420 3940 552 3986 versam
576 3940 651 3985 esse
676 3920 850 4003 stropham
873 3940 894 3983 a
914 3919 1065 4001 periodo.
1108 3919 1223 4002 Itaque
1238 3918 1512 4002 quandoquidem
1527 3922 1593 3987 hoc

422 4026 604 4090 discrimen
638 4044 658 4087 a
690 4022 850 4106 Dionysio
885 4022 1019 4088 demum
1051 4021 1275 4103 excogitatum
1303 4042 1379 4086 esse
1401 4042 1503 4088 nemo
1527 4024 1591 4089 sibi

420 4127 650 4211 persuadebit,
685 4128 792 4192 elucet
825 4146 944 4209 parum
977 4130 1068 4189 recte
1097 4145 1172 4189 cum
1199 4124 1284 4189 alios
1311 4130 1383 4190 tum
1406 4126 1592 4193 Christinm

420 4232 556 4315 (Abhdl.
580 4231 611 4295 d.
635 4232 676 4295 M.
701 4231 738 4295 Α.
761 4230 803 4295 XI
825 4249 858 4312 p.
877 4230 951 4311 178)
973 4228 1159 4311 praefracte
1183 4228 1359 4311 negavisse
1381 4230 1424 4293 ab
1446 4230 1593 4296 Alexan·

420 4333 527 4399 drinis
551 4334 640 4417 apud
662 4332 845 4398 Pindarum
868 4337 925 4397 aut
954 4331 1042 4414 apud
1071 4330 1216 4414 tragicos
1244 4332 1461 4415 periodorum
1489 4335 1592 4400 ratio-

422 4459 500 4503 nem
523 4437 673 4503 habitam
697 4456 787 4513 esse;
811 4436 851 4500 cl.
876 4455 961 4517 quae
983 4432 1053 4499 dixi
1074 4455 1107 4516 p.
1127 4434 1167 4498 63
1184 4434 1261 4499 adu.
1286 4436 1313 4499 1.
1349 4436 1394 4499 At
1412 4436 1593 4521 Dionysius

423 4561 589 4624 quaenam
612 4540 834 4605 intercederet
857 4538 943 4603 ratio
967 4538 1054 4602 inter
1077 4539 1251 4620 stropham
1266 4542 1302 4603 et
1314 4539 1492 4621 periodum
1507 4558 1594 4605 non·
