3459 5200
926 394 946 459 8
1035 484 1043 493 .

364 582 478 672 Ἀθην.
503 589 570 653 πολ.
596 589 639 655 26
663 586 695 660 ἐξ
719 586 829 677 ἀμφοῖν
852 588 957 654 ἀστοῖν

598 696 640 762 28
664 698 741 780 πρὸς
763 706 826 761 τοῖν
850 696 930 761 δυοῖν
954 694 1072 780 ὀβολοῖν

598 803 643 868 50
665 802 804 875 πλείονος
836 800 856 889 ἢ
889 804 965 867 δυεῖν
995 806 1145 890 δραχμαῖς
1178 805 1268 887 (δυοῖν
1298 807 1449 892 δραχμαῖν
1476 804 1562 871 Her·

698 906 830 974 werden
854 915 886 973 ot
908 908 1083 991 Leeuwen)

598 1016 642 1082 52
667 1018 744 1081 δυοῖν
769 1020 874 1102 φυλαῖν

597 1124 641 1189 56
661 1110 741 1187 δυεῖν
765 1124 881 1211 φυλαῖν.

411 1228 498 1294 Inter
522 1249 579 1295 eos
608 1248 689 1313 quos
714 1248 813 1314 supra
835 1228 1000 1294 nominari
1028 1229 1119 1295 locos
1146 1230 1292 1295 nonnulli
1321 1238 1409 1314 sunt,
1439 1232 1560 1315 quibus

320 1334 452 1401 Bekker
476 1341 508 1400 et
531 1334 586 1418 qui
609 1341 684 1419 post
708 1354 781 1401 eum
804 1336 909 1400 textui
931 1335 1117 1403 Aristotelis
1146 1336 1316 1422 purgando
1342 1356 1477 1423 operam
1501 1337 1560 1404 de·

320 1440 450 1526 derunt,
494 1462 566 1506 cum
602 1441 676 1506 libri
714 1440 936 1526 dissentirent,
977 1442 1145 1508 meliorum
1182 1444 1411 1509 auctoritatem
1450 1445 1560 1510 secuti

319 1547 450 1615 dualem
474 1555 697 1633 reposueruut.
744 1545 806 1624 Qui
829 1549 894 1614 loci
917 1554 1005 1613 sunt:

365 1678 429 1720 ποπ.
454 1654 499 1719 vl
526 1657 564 1721 11
589 1676 622 1739 p.
649 1656 785 1720 149312
808 1655 839 1719 ἐν
865 1654 1044 1743 ἀμφοτέροιν
1066 1666 1130 1722 τοῖν
1155 1659 1255 1739 λόγοιν

287 1808 290 1812 -
366 1786 431 1849 φυο.
457 1762 526 1846 drap.
552 1762 579 1825 V
603 1764 623 1827 3
647 1782 679 1846 p.
705 1764 823 1829 22735
865 1772 926 1828 τοῖν
951 1765 1031 1828 δυοῖν

807 1878 841 1931 13
865 1871 942 1934 δυοῖν
966 1868 1059 1934 ὄντων
1082 1866 1156 1936 εἶναι
1179 1879 1242 1935 τοῖν
1263 1870 1403 1956 ἐσχάτοιν

363 1999 396 2041 π.
421 1972 483 2060 obp.
508 1973 540 2039 ss
566 1977 607 2041 12
631 1995 662 2059 p.
686 1974 821 2041 291b24
846 1976 924 2040 δυοῖν
947 1972 973 2040 δ’
998 1974 1134 2060 ἀπορίαιν
1159 1973 1262 2041 οὔσαιν

364 2106 397 2149 π.
419 2104 446 2147 τ.
472 2086 533 2166 ζῷα
557 2080 613 2146 lor.
637 2080 682 2145 Vl
706 2083 725 2147 3
749 2102 780 2166 p.
804 2084 924 2149 56234
955 2081 1047 2170 ἄμφω
1070 2078 1096 2146 δ’
1120 2081 1212 2169 ἤστην

364 2212 396 2253 ιτ.
420 2210 485 2272 πορ.
510 2194 592 2273 Epor
616 2191 634 2255 7
658 2210 690 2273 p.
717 2188 852 2255 7071113
876 2192 952 2255 δυοῖν
976 2191 1112 2275 σημείοιν
1135 2192 1280 2255 κινεῖσθαι

365 2316 395 2359 π.
421 2300 505 2379 ζῴων
529 2316 588 2376 γεν.
613 2294 661 2360 ΙΠ
684 2297 705 2362 2
728 2317 759 2381 p.
784 2296 921 2363 7113332
943 2306 1007 2361 τοῖν
1031 2298 1107 2361 δυοῖν

318 2458 324 2469 .
365 2397 440 2465 ’He
465 2399 537 2467 Not.
563 2402 591 2465 V
618 2404 659 2467 14
681 2423 713 2487 p.
740 2402 897 2468 1137110
920 2400 1030 2490 ἀμφοῖν
1051 2403 1223 2468 σπουδαῖοιν
1246 2403 1340 2469 ὄντοιν

566 2507 614 2572 IX
638 2511 657 2574 8
681 2529 713 2593 p.
741 2508 897 2575 1168b11
922 2507 1031 2596 ἀμφοῖν
1056 2509 1186 2596 ἐχόντοιν

365 2638 447 2702 τεχν.
473 2613 538 2704 prpe.
562 2617 578 2680 I
603 2619 621 2684 7
646 2637 677 2701 p.
704 2618 860 2683 1364314
884 2619 960 2681 δυοῖν
984 2616 1103 2703 ἀρχαῖν.

411 2723 551 2788 Dubium
575 2729 712 2807 nonest,
737 2723 813 2806 quin
829 2723 977 2789 omnibus
991 2722 1043 2789 his
1060 2722 1140 2788 locis
1157 2722 1385 2789 auctoritatem
1401 2723 1558 2790 librorum

321 2831 414 2911 sequi
438 2829 623 2896 debeamus.
669 2828 766 2894 Haud
790 2829 886 2895 aliter
909 2828 1118 2896 iudicandum
1142 2836 1193 2895 est
1215 2828 1257 2894 de
1280 2830 1352 2895 loco
1376 2835 1473 2896 πολιτ.
1489 2831 1556 2898 113

321 2957 352 3021 p.
380 2936 538 3004 1302131
567 2938 645 3001 δυοῖν
671 2940 850 3023 σπιθαμαῖν,
881 2956 943 3020 quo
974 2935 1187 3002 Susemihlius
1215 2935 1249 3001 in
1281 2943 1406 3002 textum
1432 2937 1557 3024 recepit

321 3045 480 3130 σπιθαμῶν
505 3042 619 3108 addita
642 3049 734 3109 nota:
763 3056 832 3122 ,-υ·ιν
860 3043 906 3108 11Β
929 3043 968 3108 Pl
987 3041 1033 3107 Rb
1057 3052 1141 3110 -αῖον
1163 3040 1211 3108 Ub
1241 3065 1303 3109 -αιν
1331 3042 1425 3108 codd
1447 3043 1553 3110 selu

324 3148 414 3232 (sors.
447 3149 570 3233 rectel‘.
631 3150 705 3216 Mea
741 3148 873 3233 quidem
910 3151 1072 3216 sententia
1109 3149 1216 3215 dualis
1252 3150 1459 3235 reeipiendus
1496 3159 1555 3236 est,

321 3276 393 3320 cum
427 3276 499 3322 eum
533 3277 553 3321 a
585 3256 717 3322 librario
751 3257 854 3322 forma
887 3260 965 3322 δυοῖν
997 3255 1153 3342 perducto
1180 3277 1239 3341 pro
1267 3256 1386 3341 plurali
1413 3257 1554 3343 positum

321 3382 395 3429 esse
422 3363 500 3428 mihi
533 3362 663 3446 quidem
695 3363 763 3429 veri
796 3363 901 3429 simile
933 3383 998 3428 non
1029 3362 1189 3429 videatur.
1240 3362 1324 3430 Nem
1352 3375 1409 3429 -ῶν
1438 3364 1472 3428 iu
1495 3374 1554 3430 -οῖν

322 3469 440 3535 mutari
463 3470 622 3555 potuisse,
651 3489 768 3553 graves
794 3471 821 3535 si
844 3469 981 3535 habebis
1006 3490 1137 3554 causas,
1166 3489 1229 3534 non
1254 3469 1382 3535 omuino
1409 3471 1554 3555 negabis,

321 3574 381 3641 sed
404 3599 465 3643 -οιν
489 3575 747 3642 terminationem
771 3575 814 3640 ad
838 3599 901 3641 -αιν
929 3575 1013 3642 falso
1042 3575 1246 3643 scribendam
1274 3596 1471 3660 quemquam
1498 3578 1553 3642 im·

320 3681 445 3768 pulisse
468 3703 562 3748 nemo
587 3683 655 3748 fere
678 3682 739 3748 erit
763 3683 818 3766 qui
840 3689 941 3768 putet.

409 3789 522 3872 Neque
555 3809 626 3855 cum
658 3789 809 3855 Bekkero
841 3795 873 3854 et
901 3788 1093 3855 Susemihlic
1129 3788 1214 3854 iacic
1242 3769 1315 3854 ’Hal
1340 3786 1454 3877 Νικομ.
1477 3789 1553 3856 X?

321 3917 353 3981 p.
381 3897 537 3963 1173310
569 3895 679 3983 ἀμφοῖν
711 3901 762 3983 μὲν
790 3899 847 3980 γὰρ
877 3895 969 3961 ὄντων
998 3907 1101 3961 κακῶν
1130 3895 1358 3980 scribentibus,
1390 3916 1463 3961 cum
1490 3895 1553 3961 duo

321 4001 452 4069 codices
477 4000 574 4068 ὄντοιν
598 4013 705 4068 κακοῖν
729 4002 917 4088 praebeant.
954 4003 1039 4068 Nam
1060 4010 1096 4067 ut
1120 4001 1266 4067 omittam
1290 4021 1375 4085 quae
1397 4001 1494 4068 modo
1513 4002 1554 4069 de

321 4112 399 4175 δυοῖν
428 4113 594 4196 σπιθαμαῖν
618 4107 700 4186 dixi,
733 4108 795 4174 huc
829 4128 957 4192 quoque
990 4108 1167 4194 pertinere,
1202 4107 1331 4175 dualem
1365 4130 1406 4176 ex
1437 4109 1553 4194 plurali

322 4235 385 4281 non
423 4215 521 4283 facile
560 4216 708 4302 potuisse
746 4215 836 4300 oriri,
876 4218 954 4281 δυοῖν
990 4223 1023 4280 et
1051 4215 1160 4304 ἀμφοῖν
1198 4215 1294 4283 δνταν
1331 4214 1443 4281 firmae
1481 4222 1555 4283 sunt

322 4321 491 4408 dictiones,
508 4342 592 4406 quae
606 4321 695 4408 apud
705 4321 913 4388 Aristotelem
927 4328 1113 4388 constanter
1129 4321 1231 4404 (ἀναλ
1240 4344 1289 4407 πρ.
1300 4323 1332 4387 11
1342 4324 1386 4389 22
1395 4345 1427 4409 p.
1436 4325 1552 4391 68325.

268 4442 271 4448 ’
321 4428 510 4514 π.σοφ.ὲλ.
538 4429 774 4516 1711176113.
822 4452 890 4517 φυσ.
917 4427 984 4513 dap.
1009 4429 1073 4495 V3
1096 4451 1129 4514 p.
1144 4429 1290 4498 227313.
1337 4453 1368 4494 π.
1390 4428 1495 4496 ἀναπν.
1513 4431 1555 4496 10

321 4557 354 4621 p.
379 4537 526 4602 476313.
572 4559 599 4602 τ.
630 4558 692 4624 μετ.
721 4560 747 4602 τ.
776 4560 844 4624 φυσ.
877 4534 925 4600 Ill
957 4538 978 4601 6
1010 4557 1042 4621 p.
1070 4539 1237 4604 1011321.
1283 4533 1357 4601 Ἧθ.
1387 4534 1458 4603 Νικ.
1490 4535 1506 4600 Ι
1532 4538 1552 4601 4

322 4662 354 4726 p.
381 4644 547 4711 1096316.
599 4643 695 4710 1114
718 4664 750 4728 p.
777 4642 941 4709 113tb10.
992 4642 1038 4706 Vl
1065 4644 1086 4708 5
1109 4663 1140 4727 p.
1165 4643 1346 4728 11401125),
1380 4647 1554 4728 (nunquam
