3459 5200
809 432 830 497 3

202 625 251 693 ad
274 625 553 692 Lacedaemonios
577 625 816 711 transferretur,
845 625 952 693 dualis
979 626 1104 693 numeri
1127 646 1206 692 usus
1229 626 1436 694 imminueba-

206 740 267 819 tur,
300 734 433 800 evanuit
459 732 638 799 Alexandri
669 733 782 818 Magni
814 740 933 802 aetate.
986 733 1131 812 Quocum
1159 734 1317 820 convenit,
1350 733 1438 818 quod

205 847 346 907 exeunte
380 840 510 907 saeculo
545 846 660 923 quarto
693 843 784 919 δυεῖν,
819 839 852 905 in
885 860 951 924 qua
981 839 1166 907 terminatio
1198 838 1305 906 dualis
1331 860 1438 926 paene

205 945 378 1033 intercidit,
402 946 565 1013 inlocum
588 948 664 1014 metr
688 946 811 1015 formae
835 947 1003 1015 successit.

297 1054 478 1140 Scriptores
501 1074 566 1119 non
589 1060 657 1119 tam
680 1059 754 1119 arta
777 1053 853 1137 lege
876 1052 984 1121 duabu
1002 1072 1097 1120 usum
1110 1053 1436 1139 circumscripserunt,

204 1180 304 1244 -quam
328 1161 491 1227 titulorum
514 1160 693 1225 Atticorum
718 1166 877 1228 auctores.
923 1158 993 1225 Iam
1021 1159 1111 1246 apud
1131 1160 1306 1226 Homerum
1329 1160 1437 1226 dualis

171 1304 174 1309 ·
206 1266 351 1352 ponendi
379 1286 443 1333 non
471 1274 538 1333 tam
565 1266 747 1334 necessitas
775 1286 873 1351 quam
896 1265 1036 1333 facultas
1060 1267 1221 1334 exstabat.
1269 1266 1367 1334 Cuius
1389 1265 1439 1333 rei

206 1374 377 1442 innumera
408 1374 510 1440 habes
538 1373 571 1438 in
598 1372 704 1440 Iliade
732 1380 766 1439 et
793 1372 946 1458 Odyssea
973 1373 1132 1459 exempla
1183 1371 1256 1451 Qua
1287 1372 1438 1440 libertate

206 1480 338 1547 videtur
364 1480 435 1547 fieri
463 1480 624 1567 potuisse,
652 1488 689 1546 ut
717 1479 832 1547 duales
860 1478 983 1547 formae
1007 1480 1137 1546 omnino
1159 1480 1337 1565 interirent,
1366 1500 1438 1546 cum

209 1595 246 1655 ut
270 1586 453 1673 superfluae
477 1587 510 1652 in
533 1587 727 1654 oblivionem
751 1586 914 1655 caderent
952 1585 1047 1664 Quod
1069 1586 1103 1651 iu
1127 1587 1274 1653 omnibus
1289 1585 1438 1652 Graecae

207 1694 342 1779 linguae
375 1692 527 1760 dialectis
563 1692 685 1760 accidit
721 1700 852 1779 praeter
884 1693 1036 1759 Atticam.
1092 1693 1177 1761 Nam
1207 1713 1313 1777 neque
1347 1692 1438 1780 apud

208 1801 328 1868 Aeolcs
360 1820 466 1885 neque
498 1799 587 1886 apud
618 1800 715 1867 Iones
748 1799 862 1867 duales
897 1798 1018 1866 formas
1054 1800 1246 1886 reperimus,
1281 1818 1439 1885 perquam

208 1928 303 1975 raras
335 1906 424 1993 apud
451 1907 566 1977 Dones.
589 1932 594 1941 ·
618 1905 715 1993 Apud
746 1906 874 1973 Atticos
908 1914 1018 1974 autem
1045 1906 1220 1992 scriptores
1252 1905 1335 1973 duas
1362 1906 1439 1973 illas

209 2021 349 2100 aetates,
377 2013 514 2081 alteram
541 2033 645 2097 usque
672 2012 716 2079 ad
739 2013 859 2080 bellum
882 2013 1207 2098 Peloponnesiacum,
1236 2013 1372 2079 alteram
1393 2012 1439 2079 ad

207 2120 387 2189 Alexandri
409 2120 521 2205 Magni
544 2119 810 2207 dominationem,
840 2120 1025 2187 discernere
1047 2140 1231 2207 possumus.
1275 2120 1361 2188 Nam
1383 2120 1439 2204 qui

208 2235 287 2295 xante
315 2248 434 2294 aunum
462 2226 815 2311 quadringentesimum
837 2226 906 2295 fere
928 2228 1127 2313 scripserunt
1149 2234 1285 2313 excepto
1309 2226 1438 2313 Thucy-

205 2334 300 2421 dide,
327 2334 525 2420 Aeschylus,
555 2333 749 2419 Sophocles,
777 2332 964 2419 Euripides,
991 2332 1239 2420 Aristophanes,
1266 2333 1438 2420 Antiphon,

209 2439 396 2508 Andocides
434 2439 541 2508 dualis
577 2441 678 2507 multo
716 2440 872 2507 maiorem
908 2461 1002 2508 usum
1038 2441 1210 2526 praebent,
1250 2460 1347 2524 quam
1384 2442 1439 2525 qui

208 2555 336 2636 postea,
358 2548 487 2634 Lysias,
504 2547 677 2633 Isocrates,
695 2546 889 2634 Xenophon.
921 2547 1092 2633 Lycurgus
1109 2554 1227 2634 autem,
1246 2546 1439 2634 Hyperides,

208 2655 460 2741 Demosthenes,
493 2653 678 2722 Dinarchus
709 2674 842 2740 perraro
871 2674 910 2720 eo
937 2655 989 2721 usi
1016 2661 1099 2720 sunt
1144 2653 1265 2720 Contra
1287 2654 1383 2721 Plato
1405 2663 1440 2721 et

209 2763 324 2832 Isaeus
347 2761 382 2827 in
405 2781 444 2828 eo
468 2760 652 2827 adhibendo
676 2761 774 2846 louge
797 2761 929 2827 modum
952 2760 1137 2844 aequalium
1161 2768 1380 2830 excesserunt.

300 2868 401 2934 Multo
425 2874 534 2935 autem
557 2868 664 2952 magis
686 2867 720 2932 in
744 2869 855 2934 formis
882 2867 1111 2934 verbalibus
1140 2888 1219 2934 usus
1247 2868 1439 2955 scriptomm

208 2997 229 3043 a
265 2975 368 3042 titulis
406 2974 538 3041 recedit.
599 2975 683 3042 Nam
719 2975 753 3040 in
789 2975 893 3040 titulis
928 2980 1004 3060 post
1040 2994 1158 3040 annum
1194 2974 1440 3041 ccccxvflm

208 3083 353 3149 exaratis
394 3080 502 3148 duahs
542 3081 633 3148 verbi
673 3101 738 3147 non
773 3088 896 3167 exstat,
932 3082 1052 3167 Lysiae
1084 3089 1208 3166 autem
1245 3081 1437 3169 Xenophon,

208 3190 314 3274 Plato,
346 3188 462 3257 leacus
489 3189 541 3255 his
569 3188 681 3256 formis
710 3189 810 3255 multo
838 3189 972 3275 saepius
1000 3188 1052 3256 usi
1080 3196 1155 3255 sunt
1183 3191 1438 3276 quampriores,

206 3297 256 3362 ita
286 3303 323 3362 ut
356 3297 443 3362 circa
480 3316 600 3362 anuum
637 3295 992 3380 quadringentesimum
1028 3296 1198 3362 verborum
1236 3296 1343 3364 dualis
1374 3317 1439 3362 non

205 3403 396 3488 evanuisse,
433 3401 493 3470 sed
530 3402 674 3469 crevisse
709 3400 868 3468 videatur.
928 3405 982 3468 διο
1019 3423 1146 3486 quoque
1178 3402 1329 3469 vocabuli
1359 3423 1439 3471 usus

205 3509 298 3596 apud
330 3509 506 3595 scriptores
538 3509 622 3576 alius
659 3516 710 3576 est
742 3514 841 3593 atque
873 3509 906 3574 in
938 3509 1051 3576 titulis
1102 3509 1140 3574 ln
1170 3509 1222 3576 his
1250 3509 1334 3576 enim
1364 3516 1440 3576 ante

206 3637 328 3684 annum
356 3615 555 3682 ΟΟΟΟΙΧ11111
581 3615 664 3682 haec
695 3635 759 3682 vox
788 3636 917 3701 semper
949 3637 1021 3682 cum
1053 3615 1143 3682 duali
1176 3617 1348 3684 coniuncta
1380 3625 1439 3702 cst,

207 3721 299 3809 apud
331 3723 543 3808 Aeschylum,
581 3722 789 3809 Sophoclem,
826 3722 1029 3809 Euripidem,
1065 3723 1315 3809 Aristophanem
1350 3723 1440 3790 haud

209 3851 283 3896 raro
307 3851 379 3897 cum
403 3830 531 3916 plurali.

297 3937 412 4003 Mirum
436 3945 546 4002 autem
569 3955 643 4004 esse
666 3955 730 4002 non
753 3942 863 4022 potest
885 3936 1050 4002 titulorum
1073 3956 1166 4004 usum
1186 3957 1258 4004 cum
1276 3938 1440 4023 scriptori·

208 4044 270 4110 bns
298 4042 532 4128 aliquantulum
562 4041 758 4128 discrepare.
809 4043 989 4109 Titulorum
1018 4043 1104 4110 enim
1132 4050 1282 4111 auctores
1310 4063 1383 4110 cum
1404 4043 1440 4110 in

210 4149 333 4218 eisdem
360 4150 415 4217 vel
443 4151 601 4217 similibus
628 4150 725 4217 rebus
752 4150 942 4236 plerumque
964 4157 1179 4236 versarentur,
1207 4149 1440 4217 cousuetudine

210 4255 353 4341 quadam
389 4257 431 4325 dc
469 4257 627 4324 similibus
664 4258 761 4323 rebus
799 4256 916 4323 eadem
952 4255 1094 4324 iterandi
1139 4256 1183 4323 ad
1224 4257 1439 4324 constantiam

206 4363 375 4448 quandam
398 4363 529 4430 dicendi
553 4362 687 4429 adducti
710 4370 792 4430 sunt
830 4363 1014 4450 Scriptores
1037 4383 1114 4432 vero
1137 4383 1196 4451 pro
1220 4383 1279 4431 auo
1303 4364 1440 4448 quisque

210 4470 341 4555 iugenio
371 4490 494 4557 proque
522 4489 642 4554 genere
665 4470 844 4537 litterarum
872 4469 960 4554 quod
987 4470 1150 4556 colebant,
1177 4469 1236 4535 alii
1263 4470 1306 4536 ad
1338 4471 1439 4555 quoti·

214 4576 348 4644 dianum
390 4597 569 4645 sermonem
611 4577 746 4664 propius
791 4584 1013 4658 accessemnt,
1054 4577 1112 4644 alii
1153 4595 1250 4661 quam
1289 4585 1442 4665 poterant

206 4683 348 4750 maxime
372 4705 445 4753 sese
469 4689 681 4753 removcmnt.

1246 4791 1279 4846 1*
