3459 5200
836 396 881 463 89

127 648 131 655 .
215 577 219 585 ’
245 593 294 659 1111
316 591 503 659 doctissimo
529 612 643 676 parum
671 590 876 659 crediderunt
902 612 1040 676 eumque
1069 593 1260 661 temeritatis
1288 592 1470 680 impruden-

245 702 375 784 tiaeque
398 698 583 767 criminibus
606 698 770 786 persecuti
782 707 868 769 sunt.
876 701 902 783 ¹)
937 700 1021 767 Nam
1045 701 1078 767 in
1101 701 1300 785 singulorum
1323 700 1471 769 codicum

245 808 370 891 ungine
394 813 428 874 et
448 813 565 873 natura
592 806 834 892 perscrutandis
857 826 922 874 non
945 808 991 873 ita
1019 808 1199 875 elaboravit
1226 807 1471 895 desudavitque,

246 922 280 981 ut
307 914 351 981 ad
380 934 488 981 rerum
514 921 627 1000 posset
654 915 832 1000 pervenire.
879 915 1018 1001 Respice
1047 936 1142 999 qnam
1171 934 1322 1002 perverse
1349 914 1470 983 indica·

244 1022 328 1088 verit
346 1020 387 1088 de
403 1020 631 1105 ottoboniano,
655 1040 750 1104 quem
773 1021 879 1105 qualis
903 1022 946 1089 sit
969 1029 1001 1087 et
1024 1023 1095 1107 ipse
1119 1021 1202 1089 adeo
1226 1042 1290 1089 non
1313 1023 1472 1109 cognorit,

245 1138 281 1197 ut
303 1150 385 1215 cnm,
412 1129 593 1212 ubicunque
616 1128 661 1193 ad
682 1128 819 1195 alteram
846 1129 1003 1195 familiam
1031 1128 1226 1215 deflecteret,
1254 1150 1294 1197 ex
1317 1131 1345 1195 A
1369 1131 1421 1197 vel
1442 1132 1470 1197 B

245 1244 424 1305 correctum
451 1254 526 1303 esse
552 1242 709 1321 censeret,
741 1235 783 1303 dc
805 1235 1051 1305 vindobonensi
1079 1236 1161 1321 (1,),
1195 1257 1290 1321 quern
1317 1238 1351 1303 in
1379 1237 1471 1306 libris

244 1344 475 1413 recentissimis
499 1342 752 1428 foedissimaque
773 1344 979 1429 interpolatis
1002 1350 1158 1428 numerat
1186 1342 1229 1411 de
1253 1344 1470 1431 Vaticanod,

245 1473 339 1537 quem
355 1472 395 1519 ex
409 1452 481 1538 ipso
496 1452 526 1515 Y
548 1450 684 1518 fluxisse
698 1452 862 1537 opinatur:
887 1450 1093 1519 iamvidebis
1108 1452 1211 1535 ipsum
1225 1451 1469 1539 Baehrenslum,

245 1580 318 1626 cnm
339 1558 517 1644 archetypo
540 1559 572 1625 X
594 1558 657 1625 hac
679 1560 806 1626 ratione
828 1558 946 1626 multos
974 1558 1064 1625 locos
1088 1556 1286 1625 condonaret
1312 1578 1391 1645 prae
1415 1579 1469 1625 co·

245 1665 318 1733 dice
332 1667 361 1730 Y
375 1666 528 1750 integros,
552 1686 631 1733 suae
646 1665 688 1732 de
707 1664 883 1752 archetypo
898 1666 928 1731 Y
952 1666 1132 1733 sententiae
1154 1665 1270 1737 mirum
1292 1666 1328 1736 in
1341 1665 1471 1737 modurn

245 1773 389 1840 obfuisse
426 1772 623 1858 multumque
660 1774 690 1838 el
723 1773 924 1840 auctoritatis
958 1772 1044 1839 falsa
1080 1773 1327 1841 ratiocinatione
1365 1773 1469 1842 detra·

243 1882 342 1948 xisse.
393 1880 585 1964 Plerumque
618 1880 713 1966 enim,
744 1881 798 1946 ubi
831 1879 913 1947 OdD
947 1880 1151 1948 consentiunt
1183 1887 1295 1947 contra
1326 1880 1468 1965 ABEV„

242 1988 370 2054 illorum
394 1988 558 2066 lectiones,
583 2008 666 2072 quas
680 1987 898 2055 Baehrensins
922 1989 1007 2055 ch
1030 1987 1163 2055 fluxisse
1186 1996 1305 2073 censet,
1330 1989 1469 2057 dtiosac

243 2101 325 2162 sunt
362 2095 427 2161 llas
450 2102 559 2163 autem
582 2116 645 2161 non
668 2096 702 2161 in
716 2096 753 2180 Y,
778 2094 837 2163 sed
856 2096 888 2161 in
907 2095 1066 2182 peculiari
1090 2094 1236 2162 codicum
1252 2094 1334 2163 col)
1359 2096 1468 2164 arche·

244 2296 456 2305 ..-——-·.-

335 2400 356 2470 ¹)
375 2402 408 2455 V.
433 2401 585 2457 Henricum
609 2402 714 2455 Jordan
738 2400 806 2467 (ind.
831 2401 998 2465 lectionum,
1026 2400 1187 2472 Regimonti
1212 2400 1281 2455 1886
1305 2420 1332 2471 p.
1352 2400 1392 2469 9):
1425 2400 1469 2467 ,in

242 2510 297 2563 quo
320 2492 446 2547 dissensu
470 2490 561 2545 fateor
584 2508 628 2545 me
652 2490 717 2545 inde
736 2508 754 2544 a
771 2490 912 2561 principio
936 2508 1032 2545 eorum
1056 2491 1226 2547 senteutiam
1250 2508 1309 2545 esse
1333 2494 1467 2555 secutum,

241 2582 290 2653 qni
309 2581 414 2653 primas
432 2583 528 2652 partes
547 2579 677 2636 Leidensi
692 2580 886 2650 Vaticanoqne
902 2580 971 2636 1862
990 2579 1157 2646 tribuerunt,
1177 2580 1312 2636 secundas
1328 2580 1468 2636 Vaticano

242 2672 324 2726 alteri
345 2671 423 2735 1518,
447 2671 564 2741 exiguas
588 2670 697 2726 ceteris.
735 2688 768 2724 ac
791 2688 827 2725 ne
851 2687 925 2724 nuuc
944 2670 1058 2740 quidem
1081 2671 1209 2741 poenitet
1232 2689 1276 2725 me
1299 2670 1381 2726 huius
1406 2689 1466 2726 sen·

241 2761 357 2825 tentiae,
380 2765 531 2832 postquam
551 2763 580 2815 61
598 2760 847 2824 Muellenhoflium,
872 2761 963 2814 virum
983 2759 1240 2830 incomparabilem,
1264 2760 1301 2815 ab
1320 2777 1353 2815 ea
1377 2777 1468 2830 paene

241 2850 391 2905 descivisse
417 2849 554 2904 waitzius
582 2867 627 2904 me
653 2847 747 2904 docuit
770 2848 836 2903 libri
858 2850 894 2904 de
918 2853 1044 2904 veterum
1069 2849 1271 2904 Germanorum
1299 2867 1329 2904 re
1352 2847 1467 2919 publica

242 2940 365 2996 editione
386 2939 471 2994 tertia
491 2940 568 2996 1.511
588 2942 617 2994 et
635 2939 765 2993 certatim
784 2938 837 2993 riri
856 2939 1019 3004 doctissimi,
1044 2939 1196 2994 Holdernm
1215 2939 1278 2994 dico
1298 2938 1463 2994 Baehrensi·

241 3048 351 3100 umque,
372 3047 480 3083 summa
500 3029 562 3082 imis
581 3028 729 3082 miscentes
749 3045 767 3082 a
786 3027 922 3082 vilissimo
942 3046 1061 3098 quoquc,
1086 3028 1107 3082 si
1128 3046 1172 3084 ms
1192 3029 1280 3094 audis,
1301 3029 1466 3100 apographo

242 3121 361 3175 salutem
379 3120 532 3190 petendam
552 3137 612 3174 csse
631 3119 853 3172 demonstratum
872 3117 953 3173 iere«

330 3246 479 3300 Praeterea
498 3244 699 3300 Baehrensium
719 3243 872 3316 castigavit
891 3243 1049 3299 Helmreich
1073 3243 1294 3305 (Jahresbericht
1312 3243 1362 3298 der
1381 3243 1465 3298 lrlasa.

241 3337 429 3390 Altertumsw.
442 3335 511 3388 1884
521 3353 546 3404 p.
560 3335 629 3398 109),
645 3332 693 3403 qui
707 3333 913 3404 praestantium
928 3333 1031 3387 codicis
1047 3333 1071 3386 X
1086 3333 1198 3387 fortiter
1212 3332 1350 3393 defendit;
1365 3333 1466 3388 deinde

241 3427 433 3480 Andresenum
452 3424 573 3489 nominc,
593 3423 642 3492 qui
661 3423 796 3493 exenrplis
816 3422 992 3491 quibusdam,
1013 3423 1091 3478 velut
1109 3423 1178 3486 249,
1198 3423 1286 3487 2915,
1306 3439 1391 3490 quam
1410 3440 1467 3477 non

240 3515 426 3570 Baehrensius
446 3513 501 3568 sibi
518 3513 699 3585 persuaserit,
724 3513 794 3568 scite
813 3512 943 3583 exposuit
963 3513 999 3575 (v.
1016 3512 1223 3584 Philologische
1238 3511 1466 3567 Wochenschrilt

240 3605 282 3660 cd.
302 3603 500 3666 Hirschfelder,
526 3603 603 3665 1882,
623 3622 650 3673 p.
671 3602 743 3670 239).
781 3601 929 3671 Aptissimi
957 3601 1012 3656 loci
1040 3601 1083 3656 illi
1111 3601 1242 3656 videntur
1266 3619 1335 3666 esse,
1363 3601 1464 3670 quibus

240 3711 296 3764 quo
320 3693 393 3748 falsa
415 3694 451 3748 de
479 3693 604 3746 codicum
632 3710 706 3747 nexu
734 3690 830 3762 opinio
855 3691 1055 3746 Baehrensium
1083 3691 1232 3746 deduxerit
1259 3690 1464 3760 comprobetur.

241 3786 314 3838 Nam
334 3801 396 3837 cnm
415 3783 550 3836 librorum
570 3783 639 3837 cll)
663 3799 798 3836 consensu
817 3781 1002 3850 archetypum
1022 3781 1047 3834 Y
1066 3780 1194 3834 renovari
1213 3782 1336 3850 putaret,
1360 3783 1392 3834 ut
1411 3779 1464 3834 sibi

241 3877 372 3929 constans
393 3877 473 3937 esset,
494 3889 536 3941 cp.
556 3871 630 3926 24.9;
654 3889 815 3940 quamquam
834 3873 911 3924 modo
934 3873 1040 3924 laudati
1062 3887 1155 3924 mmua
1180 3872 1214 3922 lia
1232 3887 1297 3938 quos
1320 3871 1465 3924 insectatus

240 3972 277 4018 eat
287 3961 409 4027 ABEVr,
424 3980 583 4031 pactaquum
594 3965 670 4016 modo
679 3964 786 4014 laudati
794 3979 888 4014 sumus
899 3965 934 4014 iis
943 3977 1009 4030 qum
1018 3961 1094 4014 modo
1107 3963 1252 4013 insectatus
1262 3967 1299 4012 est
1310 3957 1360 4024 cl,
1371 3977 1464 4028 quum·

240 4072 319 4124 praem
342 4056 420 4106 malo
442 4056 586 4106 incenatus
609 4059 645 4104 eat
664 4051 688 4104 D
712 4070 767 4105 non
791 4051 868 4120 prius
893 4051 963 4103 illud
987 4053 1071 4119 ruodo,
1095 4050 1169 4118 quod
1193 4049 1222 4102 in
1246 4047 1374 4103 omnibus
1399 4066 1462 4103 exa·

240 4148 333 4198 ratum
353 4147 394 4198 est
413 4141 562 4205 codicibus,
586 4141 684 4196 'l'acitc
710 4140 873 4206 vindicarit,
899 4140 946 4195 sed
970 4139 1051 4204 illud,
1075 4140 1150 4208 quod
1173 4157 1223 4208 per
1247 4137 1464 4192 somniculosum

241 4233 387 4288 librarium
410 4237 476 4286 ante
500 4235 645 4286 insectatus
668 4249 702 4286 er
724 4249 804 4284 versu
828 4229 1021 4294 antecedente,
1046 4233 1078 4283 ut
1097 4227 1215 4292 videtur,
1240 4226 1393 4298 repetitum
1412 4232 1462 4282 est.

240 4325 337 4379 Altero
352 4341 427 4387 vero,
442 4340 525 4390 quem
539 4321 717 4376 Andresenus
732 4319 871 4382 adhibuit,
886 4320 947 4373 loco
963 4337 1005 4389 cp.
1017 4319 1096 4372 2915
1110 4317 1296 4373 Baehrcnaius
1310 4317 1463 4388 genuinam

240 4414 389 4468 lectionem
407 4415 536 4481 relinquit
550 4409 685 4477 (AllllVa)
699 4408 834 4474 refulans,
854 4414 886 4464 ut
905 4411 1067 4478 corruptum
1086 4407 1156 4462 illud
1176 4409 1340 4478 relinquitur
1357 4407 1386 4460 in
1406 4426 1461 4462 scr·

240 4521 351 4558 monem
365 4503 490 4572 recipcre
504 4505 608 4572 posset,
628 4505 695 4555 ante
714 4507 858 4568 occrepatus
873 4499 1002 4553 voculam
1021 4501 1046 4551 ri
1063 4515 1113 4568 per
1129 4497 1317 4552 coniecturam
1337 4497 1462 4552 inseruit.

239 4593 284 4647 lta
298 4609 432 4662 perversa
450 4591 667 4646 ratiocinatione
685 4589 786 4644 ductus
802 4588 932 4642 Tacitum
952 4588 1021 4642 adeo
1041 4605 1097 4642 non
1116 4586 1249 4654 restituit,
1269 4591 1301 4640 ut
1319 4586 1380 4656 ipse
1399 4604 1461 4642 eum

239 4683 269 4736 in
289 4682 419 4737 altiorem
438 4680 623 4752 corruptionis
642 4679 762 4752 gradum
781 4679 939 4734 deduceret.
