<?xml version="1.0" encoding="UTF-8"?>
<!DOCTYPE html PUBLIC "-//W3C//DTD XHTML 1.0 Transitional//EN"
    "http://www.w3.org/TR/xhtml1/DTD/xhtml1-transitional.dtd">
<html xmlns="http://www.w3.org/1999/xhtml" xml:lang="en" lang="en">
 <head>
  <title>
</title>
<meta http-equiv="Content-Type" content="text/html;charset=utf-8" />
  <meta name='ocr-system' content='tesseract 3.04.00' />
  <meta name='ocr-capabilities' content='ocr_page ocr_carea ocr_par ocr_line ocrx_word'/>
</head>
<body>
  <div class='ocr_page' id='page_1' title='image "./detacitosenecae00zimmgoog_0086.png"; bbox 0 0 3459 5200; ppageno 0'>
   <div class='ocr_carea' id='block_1_1' title="bbox 772 479 815 544">
    <p class='ocr_par' dir='ltr' id='par_1_1' title="bbox 772 479 815 544">
     <span class='ocr_line' id='line_1_1' title="bbox 772 479 815 544; baseline 0 0"><span class='ocrx_word' id='word_1_1' title='bbox 772 479 815 544; x_wconf 73' lang='lat'><strong>73</strong></span> 
     </span>
    </p>
   </div>
   <div class='ocr_carea' id='block_1_2' title="bbox 171 671 1408 2367">
    <p class='ocr_par' dir='ltr' id='par_1_2' title="bbox 171 671 1408 2367">
     <span class='ocr_line' id='line_1_2' title="bbox 175 671 1406 762; baseline -0.001 -24"><span class='ocrx_word' id='word_1_2' title='bbox 175 678 304 739; x_wconf 79' lang='lat' dir='ltr'><strong>tantum</strong></span> <span class='ocrx_word' id='word_1_3' title='bbox 328 677 373 740; x_wconf 80' lang='lat' dir='ltr'><strong>od</strong></span> <span class='ocrx_word' id='word_1_4' title='bbox 396 678 558 758; x_wconf 53' lang='lat' dir='ltr'><strong>citicensi</strong></span> <span class='ocrx_word' id='word_1_5' title='bbox 578 699 742 762; x_wconf 77' lang='lat' dir='ltr'><strong>praeceps.</strong></span> <span class='ocrx_word' id='word_1_6' title='bbox 773 671 984 741; x_wconf 86' lang='lat' dir='ltr'><strong>Scribendum</strong></span> <span class='ocrx_word' id='word_1_7' title='bbox 1008 680 1073 739; x_wconf 86' lang='lat' dir='ltr'><strong>est:</strong></span> <span class='ocrx_word' id='word_1_8' title='bbox 1098 698 1164 740; x_wconf 79' lang='lat' dir='ltr'><strong>non</strong></span> <span class='ocrx_word' id='word_1_9' title='bbox 1183 697 1311 760; x_wconf 78' lang='lat' dir='ltr'><strong>pronus</strong></span> <span class='ocrx_word' id='word_1_10' title='bbox 1334 677 1406 738; x_wconf 85' lang='lat' dir='ltr'><strong>uni·</strong></span> 
     </span>
     <span class='ocr_line' id='line_1_3' title="bbox 175 779 1405 869; baseline -0.001 -25"><span class='ocrx_word' id='word_1_11' title='bbox 175 802 251 846; x_wconf 84' lang='lat' dir='ltr'><strong>mas</strong></span> <span class='ocrx_word' id='word_1_12' title='bbox 280 790 401 847; x_wconf 84' lang='lat' dir='ltr'><strong>tantum</strong></span> <span class='ocrx_word' id='word_1_13' title='bbox 432 782 475 847; x_wconf 84' lang='lat' dir='ltr'><strong>ad</strong></span> <span class='ocrx_word' id='word_1_14' title='bbox 506 782 602 865; x_wconf 79' lang='lat' dir='ltr'><strong>nitio,</strong></span> <span class='ocrx_word' id='word_1_15' title='bbox 634 785 690 848; x_wconf 81' lang='lat' dir='ltr'><strong>sed</strong></span> <span class='ocrx_word' id='word_1_16' title='bbox 718 805 886 869; x_wconf 78' lang='lat' dir='ltr'><strong>proeceps;</strong></span> <span class='ocrx_word' id='word_1_17' title='bbox 917 779 1003 864; x_wconf 88' lang='lat' dir='ltr'><strong>quod</strong></span> <span class='ocrx_word' id='word_1_18' title='bbox 1035 781 1133 846; x_wconf 90' lang='lat' dir='ltr'><strong>etiam</strong></span> <span class='ocrx_word' id='word_1_19' title='bbox 1166 779 1204 848; x_wconf 90' lang='grc' dir='ltr'><strong>Ο.</strong></span> <span class='ocrx_word' id='word_1_20' title='bbox 1237 779 1405 847; x_wconf 78' lang='lat' dir='ltr'><strong>Rossbach</strong></span> 
     </span>
     <span class='ocr_line' id='line_1_4' title="bbox 176 886 1404 972; baseline 0.002 -23"><span class='ocrx_word' id='word_1_21' title='bbox 176 886 365 963; x_wconf 80' lang='lat' dir='ltr'><strong>(Breslauer</strong></span> <span class='ocrx_word' id='word_1_22' title='bbox 396 887 634 972; x_wconf 85' lang='lat' dir='ltr'><strong>philologiscbe</strong></span> <span class='ocrx_word' id='word_1_23' title='bbox 661 887 921 971; x_wconf 85' lang='lat' dir='ltr'><strong>Abhandlungen</strong></span> <span class='ocrx_word' id='word_1_24' title='bbox 953 888 1015 952; x_wconf 89' lang='lat' dir='ltr'><strong>vol.</strong></span> <span class='ocrx_word' id='word_1_25' title='bbox 1043 888 1074 952; x_wconf 88' lang='grc' dir='ltr'><strong>ΙΙ</strong></span> <span class='ocrx_word' id='word_1_26' title='bbox 1107 886 1187 955; x_wconf 85' lang='lat' dir='ltr'><strong>fasc.</strong></span> <span class='ocrx_word' id='word_1_27' title='bbox 1216 890 1237 952; x_wconf 88' lang='lat'>3</span> <span class='ocrx_word' id='word_1_28' title='bbox 1264 909 1296 971; x_wconf 89' lang='lat' dir='ltr'><strong>p.</strong></span> <span class='ocrx_word' id='word_1_29' title='bbox 1330 889 1404 964; x_wconf 73' lang='lat'><strong>157)</strong></span> 
     </span>
     <span class='ocr_line' id='line_1_5' title="bbox 175 991 1404 1078; baseline 0.002 -20"><span class='ocrx_word' id='word_1_30' title='bbox 175 991 430 1078; x_wconf 88' lang='lat' dir='ltr'><strong>commendavit,</strong></span> <span class='ocrx_word' id='word_1_31' title='bbox 462 994 517 1078; x_wconf 88' lang='lat' dir='ltr'><strong>qui</strong></span> <span class='ocrx_word' id='word_1_32' title='bbox 545 1001 652 1061; x_wconf 88' lang='lat' dir='ltr'><strong>tamen</strong></span> <span class='ocrx_word' id='word_1_33' title='bbox 685 994 902 1061; x_wconf 86' lang='lat' dir='ltr'><strong>coniecturam</strong></span> <span class='ocrx_word' id='word_1_34' title='bbox 934 994 1133 1078; x_wconf 80' lang='lat' dir='ltr'><strong>argument-is</strong></span> <span class='ocrx_word' id='word_1_35' title='bbox 1160 1016 1223 1059; x_wconf 89' lang='lat' dir='ltr'><strong>non</strong></span> <span class='ocrx_word' id='word_1_36' title='bbox 1256 992 1404 1062; x_wconf 83' lang='lat' dir='ltr'><strong>firmavit.</strong></span> 
     </span>
     <span class='ocr_line' id='line_1_6' title="bbox 175 1099 1405 1190; baseline -0.003 -23"><span class='ocrx_word' id='word_1_37' title='bbox 175 1099 294 1183; x_wconf 83' lang='lat' dir='ltr'>Neque</span> <span class='ocrx_word' id='word_1_38' title='bbox 318 1108 394 1168; x_wconf 86' lang='lat' dir='ltr'><strong>aute</strong></span> <span class='ocrx_word' id='word_1_39' title='bbox 417 1113 445 1168; x_wconf 85' lang='lat' dir='ltr'><strong>et</strong></span> <span class='ocrx_word' id='word_1_40' title='bbox 468 1106 554 1190; x_wconf 70' lang='lat' dir='ltr'><strong>qarod</strong></span> <span class='ocrx_word' id='word_1_41' title='bbox 582 1109 639 1167; x_wconf 88' lang='lat' dir='ltr'><strong>aut</strong></span> <span class='ocrx_word' id='word_1_42' title='bbox 666 1103 785 1168; x_wconf 86' lang='lat' dir='ltr'><strong>alicubi</strong></span> <span class='ocrx_word' id='word_1_43' title='bbox 815 1108 840 1169; x_wconf 84' lang='lat' dir='ltr'><strong>it</strong></span> <span class='ocrx_word' id='word_1_44' title='bbox 863 1103 916 1168; x_wconf 85' lang='lat' dir='ltr'><strong>vei</strong></span> <span class='ocrx_word' id='word_1_45' title='bbox 940 1113 985 1169; x_wconf 81' lang='lat' dir='ltr'><strong>est</strong></span> <span class='ocrx_word' id='word_1_46' title='bbox 1009 1101 1214 1168; x_wconf 80' lang='lat' dir='ltr'><strong>intercidisse</strong></span> <span class='ocrx_word' id='word_1_47' title='bbox 1236 1105 1323 1185; x_wconf 89' lang='lat' dir='ltr'><strong>puto,</strong></span> <span class='ocrx_word' id='word_1_48' title='bbox 1347 1099 1405 1166; x_wconf 88' lang='lat' dir='ltr'><strong>sed</strong></span> 
     </span>
     <span class='ocr_line' id='line_1_7' title="bbox 176 1206 1406 1294; baseline 0 -23"><span class='ocrx_word' id='word_1_49' title='bbox 176 1206 317 1291; x_wconf 82' lang='lat' dir='ltr'><strong>Seneca,</strong></span> <span class='ocrx_word' id='word_1_50' title='bbox 340 1215 375 1272; x_wconf 91' lang='lat' dir='ltr'><strong>nt</strong></span> <span class='ocrx_word' id='word_1_51' title='bbox 398 1209 489 1294; x_wconf 71' lang='lat' dir='ltr'><strong>solet,</strong></span> <span class='ocrx_word' id='word_1_52' title='bbox 516 1220 562 1277; x_wconf 82' lang='lat' dir='ltr'><strong>est</strong></span> <span class='ocrx_word' id='word_1_53' title='bbox 593 1209 701 1275; x_wconf 88' lang='lat' dir='ltr'><strong>omisit</strong></span> <span class='ocrx_word' id='word_1_54' title='bbox 733 1216 766 1274; x_wconf 88' lang='lat' dir='ltr'><strong>et</strong></span> <span class='ocrx_word' id='word_1_55' title='bbox 798 1209 895 1274; x_wconf 79' lang='lat' dir='ltr'><strong>facile</strong></span> <span class='ocrx_word' id='word_1_56' title='bbox 929 1209 1075 1274; x_wconf 89' lang='lat' dir='ltr'><strong>omittere</strong></span> <span class='ocrx_word' id='word_1_57' title='bbox 1106 1209 1220 1293; x_wconf 87' lang='lat' dir='ltr'><strong>potnit,</strong></span> <span class='ocrx_word' id='word_1_58' title='bbox 1254 1207 1406 1291; x_wconf 85' lang='lat' dir='ltr'><strong>quoniam</strong></span> 
     </span>
     <span class='ocr_line' id='line_1_8' title="bbox 175 1314 1406 1404; baseline 0.001 -26"><span class='ocrx_word' id='word_1_59' title='bbox 175 1314 348 1380; x_wconf 75' lang='lat' dir='ltr'><strong>antecedit</strong></span> <span class='ocrx_word' id='word_1_60' title='bbox 382 1339 505 1384; x_wconf 71' lang='lat' dir='ltr'><strong>sorranus.</strong></span> <span class='ocrx_word' id='word_1_61' title='bbox 552 1315 761 1382; x_wconf 88' lang='lat' dir='ltr'><strong>Scribendum</strong></span> <span class='ocrx_word' id='word_1_62' title='bbox 794 1323 902 1381; x_wconf 84' lang='lat' dir='ltr'><strong>antem</strong></span> <span class='ocrx_word' id='word_1_63' title='bbox 930 1336 1003 1382; x_wconf 85' lang='lat' dir='ltr'><strong>esse</strong></span> <span class='ocrx_word' id='word_1_64' title='bbox 1020 1340 1150 1404; x_wconf 84' lang='lat' dir='ltr'><strong>pronus</strong></span> <span class='ocrx_word' id='word_1_65' title='bbox 1173 1317 1303 1383; x_wconf 73' lang='lat' dir='ltr'><strong>arrienos</strong></span> <span class='ocrx_word' id='word_1_66' title='bbox 1335 1315 1406 1400; x_wconf 86' lang='lat' dir='ltr'><strong>ipsc</strong></span> 
     </span>
     <span class='ocr_line' id='line_1_9' title="bbox 177 1421 1405 1508; baseline -0.001 -21"><span class='ocrx_word' id='word_1_67' title='bbox 177 1421 308 1487; x_wconf 84' lang='lat' dir='ltr'><strong>Seneca</strong></span> <span class='ocrx_word' id='word_1_68' title='bbox 336 1423 430 1489; x_wconf 88' lang='lat' dir='ltr'><strong>testis</strong></span> <span class='ocrx_word' id='word_1_69' title='bbox 458 1423 502 1502; x_wconf 85' lang='lat' dir='ltr'><strong>fit,</strong></span> <span class='ocrx_word' id='word_1_70' title='bbox 535 1424 687 1507; x_wconf 83' lang='lat' dir='ltr'><strong>qnoniam</strong></span> <span class='ocrx_word' id='word_1_71' title='bbox 721 1422 805 1488; x_wconf 85' lang='lat' dir='ltr'><strong>inira</strong></span> <span class='ocrx_word' id='word_1_72' title='bbox 833 1422 913 1488; x_wconf 91' lang='lat' dir='ltr'><strong>dicit</strong></span> <span class='ocrx_word' id='word_1_73' title='bbox 939 1427 960 1504; x_wconf 66' lang='grc' dir='ltr'>ἓ</span> <span class='ocrx_word' id='word_1_74' title='bbox 987 1426 1040 1488; x_wconf 79' lang='lat'><strong>12:</strong></span> <span class='ocrx_word' id='word_1_75' title='bbox 1079 1421 1117 1487; x_wconf 93' lang='lat' dir='ltr'><strong>Id</strong></span> <span class='ocrx_word' id='word_1_76' title='bbox 1145 1443 1246 1508; x_wconf 86' lang='lat' dir='ltr'><strong>prava</strong></span> <span class='ocrx_word' id='word_1_77' title='bbox 1273 1442 1405 1488; x_wconf 90' lang='lat' dir='ltr'><strong>consue-</strong></span> 
     </span>
     <span class='ocr_line' id='line_1_10' title="bbox 177 1527 1406 1614; baseline -0.001 -22"><span class='ocrx_word' id='word_1_78' title='bbox 177 1527 294 1594; x_wconf 79' lang='lat' dir='ltr'><strong>tudine</strong></span> <span class='ocrx_word' id='word_1_79' title='bbox 319 1531 434 1598; x_wconf 87' lang='lat' dir='ltr'><strong>evenit.</strong></span> <span class='ocrx_word' id='word_1_80' title='bbox 459 1531 604 1614; x_wconf 86' lang='lat' dir='ltr'><strong>alioquin</strong></span> <span class='ocrx_word' id='word_1_81' title='bbox 627 1537 661 1596; x_wconf 93' lang='lat' dir='ltr'><strong>ut</strong></span> <span class='ocrx_word' id='word_1_82' title='bbox 684 1529 770 1596; x_wconf 86' lang='lat' dir='ltr'><strong>scias</strong></span> <span class='ocrx_word' id='word_1_83' title='bbox 795 1530 930 1596; x_wconf 87' lang='lat' dir='ltr'><strong>subesse</strong></span> <span class='ocrx_word' id='word_1_84' title='bbox 949 1535 1071 1597; x_wconf 75' lang='lat' dir='ltr'><strong>areimis</strong></span> <span class='ocrx_word' id='word_1_85' title='bbox 1086 1529 1184 1594; x_wconf 86' lang='lat' dir='ltr'><strong>etiam</strong></span> <span class='ocrx_word' id='word_1_86' title='bbox 1207 1529 1240 1594; x_wconf 93' lang='lat' dir='ltr'><strong>in</strong></span> <span class='ocrx_word' id='word_1_87' title='bbox 1264 1529 1406 1614; x_wconf 86' lang='lat' dir='ltr'><strong>pessima</strong></span> 
     </span>
     <span class='ocr_line' id='line_1_11' title="bbox 175 1634 1405 1723; baseline -0.002 -21"><span class='ocrx_word' id='word_1_88' title='bbox 175 1634 331 1704; x_wconf 85' lang='lat' dir='ltr'><strong>abductis</strong></span> <span class='ocrx_word' id='word_1_89' title='bbox 354 1637 430 1702; x_wconf 91' lang='lat' dir='ltr'><strong>boni</strong></span> <span class='ocrx_word' id='word_1_90' title='bbox 454 1659 583 1704; x_wconf 87' lang='lat' dir='ltr'><strong>sensnm</strong></span> <span class='ocrx_word' id='word_1_91' title='bbox 607 1657 666 1704; x_wconf 88' lang='lat' dir='ltr'><strong>uec</strong></span> <span class='ocrx_word' id='word_1_92' title='bbox 691 1637 833 1722; x_wconf 82' lang='lat' dir='ltr'><strong>ignorari</strong></span> <span class='ocrx_word' id='word_1_93' title='bbox 848 1643 951 1723; x_wconf 85' lang='lat' dir='ltr'><strong>turpe,</strong></span> <span class='ocrx_word' id='word_1_94' title='bbox 969 1636 1026 1702; x_wconf 89' lang='lat' dir='ltr'><strong>sed</strong></span> <span class='ocrx_word' id='word_1_95' title='bbox 1041 1636 1181 1721; x_wconf 85' lang='lat' dir='ltr'><strong>neglegi.</strong></span> <span class='ocrx_word' id='word_1_96' title='bbox 1207 1636 1289 1703; x_wconf 84' lang='lat' dir='ltr'><strong>coni.</strong></span> <span class='ocrx_word' id='word_1_97' title='bbox 1306 1636 1405 1700; x_wconf 87' lang='lat' dir='ltr'><strong>etiam</strong></span> 
     </span>
     <span class='ocr_line' id='line_1_12' title="bbox 177 1741 1408 1828; baseline -0.002 -20"><span class='ocrx_word' id='word_1_98' title='bbox 177 1741 221 1809; x_wconf 93' lang='lat' dir='ltr'><strong>de</strong></span> <span class='ocrx_word' id='word_1_99' title='bbox 244 1755 351 1828; x_wconf 83' lang='lat' dir='ltr'><strong>tranq.</strong></span> <span class='ocrx_word' id='word_1_100' title='bbox 377 1765 427 1810; x_wconf 86' lang='lat' dir='ltr'><strong>an.</strong></span> <span class='ocrx_word' id='word_1_101' title='bbox 453 1745 485 1809; x_wconf 90' lang='lat' dir='ltr'><strong>II</strong></span> <span class='ocrx_word' id='word_1_102' title='bbox 511 1751 565 1812; x_wconf 87' lang='lat' dir='ltr'><strong>ll:</strong></span> <span class='ocrx_word' id='word_1_103' title='bbox 600 1751 714 1810; x_wconf 85' lang='lat' dir='ltr'><strong>natura</strong></span> <span class='ocrx_word' id='word_1_104' title='bbox 737 1745 822 1810; x_wconf 89' lang='lat' dir='ltr'><strong>enim</strong></span> <span class='ocrx_word' id='word_1_105' title='bbox 845 1744 1003 1810; x_wconf 85' lang='lat' dir='ltr'><strong>humanus</strong></span> <span class='ocrx_word' id='word_1_106' title='bbox 1027 1749 1157 1811; x_wconf 72' lang='lat' dir='ltr'><strong>antinus</strong></span> <span class='ocrx_word' id='word_1_107' title='bbox 1181 1742 1278 1827; x_wconf 83' lang='lat' dir='ltr'><strong>agilis</strong></span> <span class='ocrx_word' id='word_1_108' title='bbox 1302 1748 1408 1809; x_wconf 87' lang='lat' dir='ltr'><strong>estet</strong></span> 
     </span>
     <span class='ocr_line' id='line_1_13' title="bbox 171 1850 1406 1938; baseline -0.002 -21"><span class='ocrx_word' id='word_1_109' title='bbox 171 1875 306 1938; x_wconf 80' lang='lat' dir='ltr'><strong>pronas</strong></span> <span class='ocrx_word' id='word_1_110' title='bbox 338 1853 381 1916; x_wconf 86' lang='lat' dir='ltr'><strong>nd</strong></span> <span class='ocrx_word' id='word_1_111' title='bbox 411 1857 525 1918; x_wconf 87' lang='lat' dir='ltr'><strong>motus.</strong></span> <span class='ocrx_word' id='word_1_112' title='bbox 564 1852 624 1937; x_wconf 87' lang='lat' dir='ltr'><strong>Ep.</strong></span> <span class='ocrx_word' id='word_1_113' title='bbox 649 1854 702 1921; x_wconf 85' lang='grc'><strong>94.</strong></span> <span class='ocrx_word' id='word_1_114' title='bbox 730 1853 784 1917; x_wconf 83' lang='lat'><strong>13:</strong></span> <span class='ocrx_word' id='word_1_115' title='bbox 817 1851 929 1934; x_wconf 88' lang='lat' dir='ltr'><strong>itaque</strong></span> <span class='ocrx_word' id='word_1_116' title='bbox 961 1850 1115 1917; x_wconf 84' lang='lat' dir='ltr'><strong>debemus</strong></span> <span class='ocrx_word' id='word_1_117' title='bbox 1148 1857 1204 1915; x_wconf 89' lang='lat' dir='ltr'><strong>aut</strong></span> <span class='ocrx_word' id='word_1_118' title='bbox 1234 1870 1406 1935; x_wconf 85' lang='lat' dir='ltr'><strong>percurare</strong></span> 
     </span>
     <span class='ocr_line' id='line_1_14' title="bbox 175 1955 1406 2044; baseline 0.002 -21"><span class='ocrx_word' id='word_1_119' title='bbox 175 1970 315 2026; x_wconf 81' lang='lat' dir='ltr'><strong>meatem</strong></span> <span class='ocrx_word' id='word_1_120' title='bbox 338 1978 471 2043; x_wconf 81' lang='lat' dir='ltr'><strong>aegram</strong></span> <span class='ocrx_word' id='word_1_121' title='bbox 495 1965 528 2024; x_wconf 91' lang='lat' dir='ltr'><strong>et</strong></span> <span class='ocrx_word' id='word_1_122' title='bbox 549 1959 637 2025; x_wconf 87' lang='lat' dir='ltr'><strong>vitiis</strong></span> <span class='ocrx_word' id='word_1_123' title='bbox 659 1959 806 2044; x_wconf 84' lang='lat' dir='ltr'><strong>liberare,</strong></span> <span class='ocrx_word' id='word_1_124' title='bbox 841 1965 898 2024; x_wconf 87' lang='lat' dir='ltr'><strong>aut</strong></span> <span class='ocrx_word' id='word_1_125' title='bbox 920 1964 1089 2025; x_wconf 89' lang='lat' dir='ltr'><strong>vacantem</strong></span> <span class='ocrx_word' id='word_1_126' title='bbox 1114 1957 1253 2042; x_wconf 88' lang='lat' dir='ltr'><strong>quidem,</strong></span> <span class='ocrx_word' id='word_1_127' title='bbox 1279 1955 1337 2024; x_wconf 89' lang='lat' dir='ltr'><strong>sed</strong></span> <span class='ocrx_word' id='word_1_128' title='bbox 1361 1962 1406 2026; x_wconf 87' lang='lat' dir='ltr'><strong>ad</strong></span> 
     </span>
     <span class='ocr_line' id='line_1_15' title="bbox 176 2064 1407 2154; baseline -0.001 -23"><span class='ocrx_word' id='word_1_129' title='bbox 176 2066 296 2150; x_wconf 87' lang='lat' dir='ltr'><strong>peiora</strong></span> <span class='ocrx_word' id='word_1_130' title='bbox 314 2089 457 2154; x_wconf 82' lang='lat' dir='ltr'><strong>prunam</strong></span> <span class='ocrx_word' id='word_1_131' title='bbox 481 2085 731 2152; x_wconf 86' lang='lat' dir='ltr'><strong>praeoccupare.</strong></span> <span class='ocrx_word' id='word_1_132' title='bbox 765 2065 807 2132; x_wconf 88' lang='lat' dir='ltr'><strong>de</strong></span> <span class='ocrx_word' id='word_1_133' title='bbox 829 2065 935 2132; x_wconf 88' lang='lat' dir='ltr'><strong>benef.</strong></span> <span class='ocrx_word' id='word_1_134' title='bbox 960 2066 1003 2129; x_wconf 91' lang='lat' dir='ltr'><strong>lV</strong></span> <span class='ocrx_word' id='word_1_135' title='bbox 1027 2068 1131 2133; x_wconf 79' lang='grc'><strong>27.1;</strong></span> <span class='ocrx_word' id='word_1_136' title='bbox 1157 2065 1275 2131; x_wconf 86' lang='lat' dir='ltr'><strong>stultns</strong></span> <span class='ocrx_word' id='word_1_137' title='bbox 1298 2064 1407 2130; x_wconf 86' lang='lat' dir='ltr'><strong>omnia</strong></span> 
     </span>
     <span class='ocr_line' id='line_1_16' title="bbox 177 2171 1405 2260; baseline -0.002 -22"><span class='ocrx_word' id='word_1_138' title='bbox 177 2177 266 2241; x_wconf 79' lang='lat' dir='ltr'><strong>vitia</strong></span> <span class='ocrx_word' id='word_1_139' title='bbox 289 2173 396 2259; x_wconf 89' lang='lat' dir='ltr'><strong>babet,</strong></span> <span class='ocrx_word' id='word_1_140' title='bbox 421 2171 479 2240; x_wconf 89' lang='lat' dir='ltr'><strong>sed</strong></span> <span class='ocrx_word' id='word_1_141' title='bbox 507 2193 569 2238; x_wconf 88' lang='lat' dir='ltr'><strong>non</strong></span> <span class='ocrx_word' id='word_1_142' title='bbox 600 2179 633 2241; x_wconf 78' lang='lat' dir='ltr'><strong>in</strong></span> <span class='ocrx_word' id='word_1_143' title='bbox 661 2173 769 2238; x_wconf 94' lang='lat' dir='ltr'><strong>omnia</strong></span> <span class='ocrx_word' id='word_1_144' title='bbox 796 2179 913 2238; x_wconf 85' lang='lat' dir='ltr'><strong>natura</strong></span> <span class='ocrx_word' id='word_1_145' title='bbox 935 2194 1063 2260; x_wconf 80' lang='lat' dir='ltr'><strong>pronus</strong></span> <span class='ocrx_word' id='word_1_146' title='bbox 1092 2180 1151 2239; x_wconf 87' lang='lat' dir='ltr'><strong>est.</strong></span> <span class='ocrx_word' id='word_1_147' title='bbox 1186 2173 1245 2256; x_wconf 86' lang='lat' dir='ltr'><strong>Ep.</strong></span> <span class='ocrx_word' id='word_1_148' title='bbox 1271 2174 1322 2240; x_wconf 80' lang='grc'><strong>95.</strong></span> <span class='ocrx_word' id='word_1_149' title='bbox 1347 2174 1405 2238; x_wconf 85' lang='lat'><strong>33:</strong></span> 
     </span>
     <span class='ocr_line' id='line_1_17' title="bbox 179 2279 1407 2367; baseline 0.001 -24"><span class='ocrx_word' id='word_1_150' title='bbox 179 2279 307 2346; x_wconf 88' lang='lat' dir='ltr'><strong>nullum</strong></span> <span class='ocrx_word' id='word_1_151' title='bbox 330 2281 414 2346; x_wconf 87' lang='lat' dir='ltr'><strong>iutra</strong></span> <span class='ocrx_word' id='word_1_152' title='bbox 438 2301 474 2348; x_wconf 88' lang='lat' dir='ltr'><strong>se</strong></span> <span class='ocrx_word' id='word_1_153' title='bbox 496 2287 604 2346; x_wconf 88' lang='lat' dir='ltr'><strong>manet</strong></span> <span class='ocrx_word' id='word_1_154' title='bbox 626 2281 752 2347; x_wconf 82' lang='lat' dir='ltr'><strong>vitium:</strong></span> <span class='ocrx_word' id='word_1_155' title='bbox 770 2285 806 2348; x_wconf 84' lang='lat' dir='ltr'><strong>ia</strong></span> <span class='ocrx_word' id='word_1_156' title='bbox 829 2279 1001 2345; x_wconf 87' lang='lat' dir='ltr'><strong>avaritiam</strong></span> <span class='ocrx_word' id='word_1_157' title='bbox 1024 2280 1151 2345; x_wconf 81' lang='lat' dir='ltr'><strong>luxuria</strong></span> <span class='ocrx_word' id='word_1_158' title='bbox 1168 2301 1324 2367; x_wconf 80' lang='lat' dir='ltr'><strong>praeceps</strong></span> <span class='ocrx_word' id='word_1_159' title='bbox 1348 2285 1407 2346; x_wconf 86' lang='lat' dir='ltr'><strong>est.</strong></span> 
     </span>
    </p>
   </div>
   <div class='ocr_carea' id='block_1_3' title="bbox 179 2386 1407 2584">
    <p class='ocr_par' dir='ltr' id='par_1_3' title="bbox 179 2386 1407 2584">
     <span class='ocr_line' id='line_1_18' title="bbox 180 2386 1407 2472; baseline 0.002 -21"><span class='ocrx_word' id='word_1_160' title='bbox 180 2386 218 2452; x_wconf 85' lang='lat' dir='ltr'><strong>T.</strong></span> <span class='ocrx_word' id='word_1_161' title='bbox 248 2386 335 2454; x_wconf 85' lang='lat' dir='ltr'><strong>Anu.</strong></span> <span class='ocrx_word' id='word_1_162' title='bbox 363 2387 443 2454; x_wconf 89' lang='lat' dir='ltr'><strong>XVI</strong></span> <span class='ocrx_word' id='word_1_163' title='bbox 464 2390 517 2454; x_wconf 79' lang='lat'><strong>21.</strong></span> <span class='ocrx_word' id='word_1_164' title='bbox 545 2389 599 2455; x_wconf 79' lang='lat'><strong>13:</strong></span> <span class='ocrx_word' id='word_1_165' title='bbox 634 2386 750 2472; x_wconf 81' lang='lat' dir='ltr'><strong>Capito</strong></span> <span class='ocrx_word' id='word_1_166' title='bbox 774 2386 994 2471; x_wconf 83' lang='lat' dir='ltr'><strong>Cossutianus,</strong></span> <span class='ocrx_word' id='word_1_167' title='bbox 1025 2394 1154 2472; x_wconf 82' lang='lat' dir='ltr'><strong>praeter</strong></span> <span class='ocrx_word' id='word_1_168' title='bbox 1185 2391 1331 2454; x_wconf 80' lang='lat' dir='ltr'><strong>animam</strong></span> <span class='ocrx_word' id='word_1_169' title='bbox 1362 2389 1407 2454; x_wconf 85' lang='lat' dir='ltr'><strong>ad</strong></span> 
     </span>
     <span class='ocr_line' id='line_1_19' title="bbox 179 2492 895 2584; baseline 0.003 -24"><span class='ocrx_word' id='word_1_170' title='bbox 179 2492 312 2580; x_wconf 80' lang='lat' dir='ltr'><strong>flagitia</strong></span> <span class='ocrx_word' id='word_1_171' title='bbox 329 2499 543 2584; x_wconf 74' lang='lat' dir='ltr'><strong>praecipitem</strong></span> <span class='ocrx_word' id='word_1_172' title='bbox 565 2493 693 2579; x_wconf 86' lang='lat' dir='ltr'><strong>iniquus</strong></span> <span class='ocrx_word' id='word_1_173' title='bbox 716 2494 895 2562; x_wconf 83' lang='lat' dir='ltr'><strong>Thraseae.</strong></span> 
     </span>
    </p>
   </div>
   <div class='ocr_carea' id='block_1_4' title="bbox 441 3852 1138 3922">
    <p class='ocr_par' dir='ltr' id='par_1_4' title="bbox 441 3852 1138 3922">
     <span class='ocr_line' id='line_1_20' title="bbox 441 3852 1138 3922; baseline -0.003 -15"><span class='ocrx_word' id='word_1_174' title='bbox 441 3852 719 3908; x_wconf 82' lang='lat' dir='ltr'>CORRIGENDUM:</span> <span class='ocrx_word' id='word_1_175' title='bbox 747 3870 810 3922; x_wconf 80' lang='lat' dir='ltr'><strong>peg.</strong></span> <span class='ocrx_word' id='word_1_176' title='bbox 833 3852 873 3919; x_wconf 79' lang='lat'><strong>15,</strong></span> <span class='ocrx_word' id='word_1_177' title='bbox 893 3852 925 3906; x_wconf 85' lang='lat'><strong>21</strong></span> <span class='ocrx_word' id='word_1_178' title='bbox 944 3852 1019 3921; x_wconf 84' lang='lat' dir='ltr'><strong>lege:</strong></span> <span class='ocrx_word' id='word_1_179' title='bbox 1036 3854 1138 3918; x_wconf 76' lang='lat' dir='ltr'><strong>fatone.</strong></span> 
     </span>
    </p>
   </div>
   <div class='ocr_carea' id='block_1_5' title="bbox 438 4776 1155 4837">
    <p class='ocr_par' dir='ltr' id='par_1_5' title="bbox 438 4776 1155 4837">
     <span class='ocr_line' id='line_1_21' title="bbox 438 4776 1155 4837; baseline 0.003 -16"><span class='ocrx_word' id='word_1_180' title='bbox 438 4777 518 4837; x_wconf 73' lang='lat' dir='ltr'><strong>&#39;rypts</strong></span> <span class='ocrx_word' id='word_1_181' title='bbox 532 4778 662 4823; x_wconf 82' lang='lat' dir='ltr'><strong>societatis</strong></span> <span class='ocrx_word' id='word_1_182' title='bbox 676 4777 898 4836; x_wconf 75' lang='lat' dir='ltr'><strong>typographorum</strong></span> <span class='ocrx_word' id='word_1_183' title='bbox 911 4776 1155 4823; x_wconf 75' lang='lat' dir='ltr'><strong>vratislavtenetunr.</strong></span> 
     </span>
    </p>
   </div>
   <div class='ocr_carea' id='block_1_6' title="bbox 0 0 1747 5200">
    <p class='ocr_par' dir='ltr' id='par_1_6' title="bbox 0 0 1747 5200">
     <span class='ocr_line' id='line_1_22' title="bbox 0 0 1747 5200; baseline 0 0"><span class='ocrx_word' id='word_1_184' title='bbox 0 0 1747 5200; x_wconf 95' lang='lat' dir='ltr'><strong> </strong></span> 
     </span>
    </p>
   </div>
  </div>
 </body>
</html>
