3459 5200
922 515 1052 612 *roc

442 765 515 796 ...,
539 719 628 802 quod
652 740 721 785 non
743 725 874 786 tantum
895 722 1013 803 tragici
1036 723 1097 786 sed
1119 726 1152 787 et
1168 722 1287 786 comici
1302 727 1457 788 auctores
1474 723 1512 787 in
1527 743 1606 806 epo·

441 822 493 887 dis
517 843 616 906 saepe
639 824 825 904 iecerunt3“
848 825 955 889 altera
976 825 1047 890 fere
1069 826 1167 890 haec:

526 933 598 1005 „est
614 977 622 991 .
639 976 646 991 .
663 924 844 1012 ‚captarunt
865 947 1001 993 carmen
1024 928 1214 993 subsistens
1237 948 1280 992 ex
1302 929 1441 1010 strophe
1463 933 1499 994 et
1520 930 1606 994 anti·

442 1030 580 1112 stropho
603 1035 637 1095 et
659 1031 784 1114 epodo,
806 1033 896 1116 <qua
917 1032 1075 1115 quando>
1097 1032 1147 1096 vel
1169 1033 1223 1097 bis
1244 1032 1297 1096 vel
1320 1035 1372 1097 ter
1393 1032 1446 1096 vel
1470 1034 1606 1115 saepius

440 1153 575 1198 carmen
598 1135 826 1215 concludatur,
849 1135 1096 1219 μονοπερίκοπον
1118 1137 1319 1201 nominatur.
1357 1136 1395 1201 Si
1409 1155 1490 1201 vero
1506 1136 1607 1201 dissi·

440 1237 532 1303 milia
553 1238 641 1303 inter
664 1257 700 1302 se
723 1239 758 1302 in
781 1239 899 1321 epodis
927 1238 1003 1303 cola
1024 1239 1219 1320 iungantur,
1245 1237 1498 1322 πολυπρίκοπον
1520 1259 1606 1304 nun-

439 1340 609 1422 cupatur.“
661 1341 811 1406 Eandem
844 1342 1022 1424 pericopae
1055 1343 1230 1407 notionem
1267 1341 1442 1425 amplexus
1477 1342 1606 1408 addidit

440 1444 574 1528 quidam
595 1464 627 1527 p.
651 1445 764 1522 59,16:
800 1444 855 1524 „id
883 1448 935 1509 est
957 1449 1025 1510 tres
1047 1449 1161 1528 partes
1185 1443 1296 1528 ea<e>,
1326 1465 1345 1509 e
1373 1445 1494 1528 quibus
1517 1449 1606 1529 peri·

439 1567 523 1629 cope
546 1547 729 1614 subsistit.“

439 1730 441 1734 Ι
524 1651 581 1717 Sic
603 1652 714 1716 verbis
737 1673 821 1736 quae
848 1653 972 1718 tradita
1004 1658 1083 1718 sunt
1116 1653 1257 1718 servatis
1285 1653 1443 1718 omnibus
1476 1657 1512 1718 et
1540 1673 1608 1719 una

439 1755 559 1819 lacuna
588 1759 713 1820 statuta
740 1775 858 1821 omnes
889 1761 1050 1821 corruunt
1078 1756 1299 1822 difficultates.
1349 1755 1442 1834 Quae
1476 1761 1607 1822 restant

438 1879 555 1942 parum
577 1859 687 1941 lepide
710 1858 800 1924 dicta
820 1859 919 1924 facile
942 1879 983 1923 ex
1004 1859 1161 1924 universo
1185 1858 1319 1923 dicendi
1342 1864 1375 1922 et
1398 1859 1605 1941 compilandi

438 1981 570 2043 genere,
594 1981 659 2044 quo
681 1962 785 2026 utitur
812 1963 1044 2045 Aphthonius,
1073 1961 1242 2044 expedias.
1291 1962 1389 2045 Apud
1417 1963 1606 2044 Aphthonii

438 2069 609 2130 auctorem
642 2065 840 2130 vocabulum
874 2065 1005 2148 periodi
1039 2065 1193 2130 similiter
1224 2069 1325 2148 atque
1352 2086 1385 2149 p.
1408 2067 1461 2144 58,
1491 2067 1531 2130 19
1564 2066 1607 2130 ad

438 2187 512 2233 eam
536 2169 721 2233 carminum
743 2173 874 2251 partem
897 2169 1148 2252 significandam
1170 2172 1368 2251 usurpatum
1384 2173 1465 2246 erat,
1490 2168 1524 2232 in
1541 2189 1607 2252 qua

437 2269 543 2356 σχέσις
564 2273 676 2354 posita
699 2276 760 2336 est.
804 2271 903 2350 Quod
927 2291 1002 2336 cum
1027 2273 1072 2336 ad
1099 2271 1248 2352 singulas
1278 2271 1437 2353 strophas
1465 2271 1605 2336 referret

438 2375 652 2458 Aphthonius
679 2397 711 2458 p.
734 2377 786 2453 58,
818 2376 856 2439 13
884 2376 987 2440 verba
1020 2395 1120 2454 „nam
1153 2374 1281 2456 epodos
1314 2378 1366 2438 est
1397 2375 1499 2439 tertia
1526 2394 1606 2457 pars

439 2483 495 2543 aut
528 2479 686 2561 periodos
721 2479 842 2562 lyricae
877 2479 992 2557 odes“,
1025 2500 1057 2561 p.
1083 2479 1135 2556 59,
1167 2479 1206 2541 16
1239 2477 1341 2541 verba
1373 2477 1430 2555 „id
1457 2480 1510 2541 est
1537 2482 1606 2542 tres

437 2586 550 2666 partes
585 2603 643 2649 eae
672 2604 690 2648 e
719 2583 839 2665 quibus
868 2582 1026 2666 pericope
1055 2581 1229 2647 subsistit“
1258 2579 1396 2645 addidit.
1447 2581 1605 2647 Carmina

438 2682 521 2749 κατὰ
536 2683 710 2771 περικοπήν
733 2687 832 2767 (AAB
855 2686 943 2751 ΑΛΒ
967 2687 1029 2769 ...t
1057 2686 1091 2749 in
1107 2685 1294 2767 Aphthonii
1317 2685 1410 2749 tonte
1430 2688 1606 2767 praeterea

439 2789 579 2871 epodica
611 2790 779 2872 appellata
812 2809 888 2853 esse
921 2789 1078 2853 videntur
1109 2787 1236 2870 pariter
1263 2791 1363 2870 atque
1396 2786 1522 2854 iactum
1556 2793 1604 2853 est

438 2891 526 2974 apud
548 2890 833 2974 Hephaestionem
855 2892 900 2974 (p.
923 2891 1074 2956 11111114.
1096 2890 1236 2955 XXIX5
1259 2890 1333 2973 sq.)‚
1356 2910 1398 2954 ex
1420 2910 1487 2973 qua
1506 2910 1605 2955 voca·

437 2995 506 3060 buli
533 2996 670 3061 notione
699 2996 767 3060 sive
796 2994 1012 3077 Aphthonius
1041 2992 1111 3058 sive
1140 2992 1331 3057 Victorinus
1359 2993 1482 3059 mirum
1510 2994 1604 3059 illum

438 3100 493 3182 qui
516 3120 605 3164 nunc
627 3100 746 3180 legitur
769 3098 868 3180 epodi
890 3118 989 3162 usum
1012 3097 1182 3162 derivavit.

523 3203 664 3267 Maxime
681 3202 823 3266 obscura
840 3206 893 3266 est
907 3202 1090 3284 insequens
1105 3201 1336 3284 paragraphus
1351 3222 1384 3284 p.
1399 3201 1452 3277 59,
1467 3202 1606 3277 al-aa

436 3307 471 3370 iu
494 3326 559 3388 qua
582 3325 656 3370 cum
680 3325 722 3369 ne
745 3305 827 3371 illud
850 3305 987 3387 quidem
1009 3304 1211 3369 dubitationi
1226 3308 1419 3386 exemptum
1434 3304 1479 3369 sit
1493 3310 1606 3369 utrum

437 3409 478 3473 de
502 3408 707 3473 carminibus
732 3408 987 3490 monostrophis
1010 3428 1055 3472 an
1078 3407 1227 3489 epodicis
1250 3411 1377 3490 agatur,
1400 3426 1470 3471 non
1492 3408 1606 3488 parvis

437 3513 686 3577 difficultatibus
716 3511 953 3594 implicaretur,
984 3512 1040 3593 qui
1070 3511 1239 3594 quomodo
1268 3510 1439 3575 Victorino
1467 3515 1606 3575 auctore

437 3616 634 3680 collocanda
650 3616 718 3680 sint
735 3615 876 3701 ἐφύμνια,
891 3611 1054 3699 προύμνια,
1071 3612 1227 3699 μεθύμνια
1241 3618 1397 3679 accurate
1412 3614 1606 3679 describere

435 3719 543 3783 vellet.
593 3720 638 3783 At
665 3719 755 3783 enim
784 3738 826 3784 ne
854 3718 1070 3801 Aphthonius
1094 3718 1245 3801 quidem,
1275 3737 1345 3782 non
1367 3717 1469 3781 modo
1492 3717 1605 3782 Victo-

436 3823 528 3887 rinus
563 3824 650 3887 hanc
684 3842 754 3887 rem
784 3823 866 3887 satis
896 3822 984 3886 bene
1011 3825 1206 3903 perceptam
1232 3820 1360 3885 habuit.
1410 3820 1521 3885 Verba
1544 3821 1605 3900 „de

436 3926 584 4007 epodicis
598 3925 834 4003 carminibus“,
851 3926 996 3989 sortasse
1011 3924 1054 3989 ad
1069 3924 1222 4007 proxime
1236 3924 1496 4005 praecedentem
1507 3944 1606 4007 para·

435 4030 597 4111 graphum
620 4029 833 4112 pertinentia,
857 4033 948 4092 recte
971 4026 1109 4092 seclusit
1131 4026 1303 4109 Berglrius.
1341 4025 1480 4109 Epodoe
1500 4048 1534 4110 p.
1553 4029 1605 4096 59.

436 4136 477 4197 25
500 4133 589 4214 apud
611 4152 765 4215 graecum
796 4132 996 4212 scriptorem
1025 4131 1099 4196 sine
1127 4131 1229 4195 dubio
1258 4133 1355 4195 eraut
1382 4127 1412 4192 oi
1435 4121 1606 4214 ἀρρενικῶς

435 4234 515 4299 οὕτω
537 4232 724 4321 καλούμενοι
746 4236 868 4319 (Heph.
890 4256 922 4318 p.
946 4236 1049 4300 XXVI
1072 4237 1120 4317 l),
1150 4234 1211 4299 sed
1235 4233 1451 4315 Aphthonius
1478 4254 1539 4298 eos
1561 4234 1604 4298 ab

436 4340 483 4405 eis
507 4339 624 4422 epodis
648 4339 689 4402 de
713 4339 832 4423 quibus
855 4338 956 4420 paulo
984 4343 1063 4403 ante
1092 4338 1223 4403 dixerat
1249 4356 1318 4402 non
1347 4335 1500 4401 diversos
1529 4356 1603 4401 esse

435 4443 574 4507 censuit.
630 4443 713 4506 Mira
751 4446 831 4506 sunt
871 4442 906 4505 in
942 4441 1061 4505 ultimo
1101 4441 1275 4506 enuntiato
1309 4434 1481 4523 protracta,
1519 4458 1603 4523 quae
1690 4421 1691 4458 ¹

434 4550 567 4628 praeter
596 4566 671 4610 eum
705 4545 746 4610 de
774 4566 839 4628 quo
874 4544 983 4627 agitur
1016 4546 1127 4610 locum
1155 4563 1199 4608 ne
1227 4544 1331 4607 semel
1354 4540 1490 4625 quidem
1513 4562 1602 4607 com-
