3459 5200
847 530 870 535 -
921 441 984 505 rae

338 649 370 717 p.
379 632 421 698 48
429 634 512 716 sqq.)
529 639 560 697 ct
572 632 707 698 Carolus
722 632 906 700 Fridericus
920 633 1056 700 Mueller
1071 632 1204 716 (Ignatii
1219 634 1357 700 Diaconi
1372 634 1577 700 tetrasticha

339 739 478 804 iambica
497 742 551 822 53,
575 758 689 805 versus
712 740 745 804 in
764 739 924 806 Adamum
951 743 1012 807 143
1037 740 1158 825 [Kiliae
1184 744 1281 826 1886]
1304 764 1337 827 p.
1363 746 1475 826 8sqq.)
1499 764 1573 807 mo-

338 854 490 929 nuerunt,
518 866 632 931 parum
660 854 750 912 recte
779 853 993 931 accurateque
1021 868 1057 914 se
1085 846 1206 913 babere
1235 870 1426 935 persuasum
1449 847 1571 915 babeo.

428 969 494 1036 Sed
517 970 705 1054 priusquam
730 968 771 1036 de
793 970 921 1053 legibus
948 972 1039 1058 ipsis,
1068 993 1150 1057 quas
1173 973 1414 1039 versificatores
1437 974 1485 1037 illi
1510 976 1571 1039 ob-

339 1084 562 1160 servaverunt,
593 1075 765 1160 disseram,
794 1076 950 1143 lectiones
980 1098 1090 1144 eorum
1119 1079 1264 1145 codicum
1298 1080 1414 1165 quibua
1443 1079 1571 1163 Ignatii

339 1183 457 1251 senarii
476 1184 510 1248 in
529 1182 690 1248 aldamum
713 1185 886 1250 memoriae
909 1183 1021 1250 traditi
1045 1193 1120 1252 sunt
1142 1186 1262 1273 publici
1287 1186 1366 1253 iuris
1390 1186 1521 1253 faciam.

448 1398 473 1462 Ι.
520 1396 574 1463 De
597 1396 742 1480 Ignatii
766 1396 921 1462 diaconi
946 1398 1184 1465 senariorum
1209 1400 1245 1463 in
1268 1398 1451 1465 Adamum

854 1505 1044 1569 memoria.

425 1612 633 1676 Innotucrunt
665 1610 771 1676 adbuc
803 1609 866 1676 duo
901 1610 1039 1696 codices,
1072 1612 1188 1696 quibus
1223 1612 1343 1696 Ignatii
1376 1614 1496 1680 senarii
1531 1614 1569 1677 in

336 1716 495 1785 Adamum
518 1720 691 1784 memoriae
714 1717 825 1783 traditi
850 1727 938 1783 suut:

293 1855 296 1860 '
425 1844 447 1910 S
474 1874 508 1899 =
536 1842 640 1909 codex
672 1844 839 1909 Parisinus
868 1845 972 1929 suppl.
997 1843 1111 1909 Graec.
1137 1846 1203 1911 690
1227 1844 1294 1927 (fol.
1325 1848 1527 1911 retr-108
1538 1852 1565 1921 r)

336 1952 610 2028 membranaceus,
635 1949 765 2015 saeculo
780 1950 842 2017 XII
862 1950 1012 2035 scriptus,
1036 1951 1078 2015 de
1101 1972 1164 2034 quo
1189 1950 1228 2017 of.
1244 1952 1419 2016 Henricum
1433 1950 1564 2036 Omont,

335 2057 519 2124 Inventaire
543 2056 713 2123 sommaire
741 2056 800 2123 des
828 2058 1022 2123 manuscrits
1051 2058 1093 2122 du
1122 2058 1327 2145 supplement
1355 2079 1431 2141 grec
1459 2058 1501 2123 de
1531 2058 1565 2122 la

335 2163 561 2247 bibliotheque
584 2162 758 2231 Natiouale
781 2185 812 2249 p.
830 2166 882 2229 80.
930 2164 1022 2229 Hunc
1045 2163 1190 2229 codicem
1213 2185 1288 2229 vere
1311 2186 1343 2230 a.
1363 2167 1447 2232 1890
1469 2166 1565 2229 Pari-

336 2271 392 2337 siis
416 2291 520 2336 meum
544 2271 576 2335 in
601 2291 694 2336 usum
717 2270 949 2354 benignissime
972 2272 1094 2355 primus
1124 2272 1257 2336 contulit
1283 2270 1351 2338 Leo
1381 2270 1567 2336 Stembach

335 2398 357 2442 a
380 2398 431 2443 me
455 2377 598 2460 Georgio
623 2378 784 2443 Wissowa
807 2376 1027 2443 intercedente
1051 2384 1194 2461 rogatus.

425 2485 450 2548 P
470 2514 505 2539 =
524 2484 627 2550 codex
651 2484 818 2550 Parisinus
842 2484 1090 2552 Graecus1630
1113 2484 1180 2562 (sol.
1195 2487 1448 2565 213v-214vl
1472 2486 1563 2550 bom-

336 2591 479 2678 bycinus,
504 2591 635 2658 saecula
659 2590 736 2656 XIV
760 2600 923 2675 exaratus,
947 2590 1075 2675 dequo
1100 2592 1140 2658 cf.
1161 2592 1334 2659 Henricum
1358 2591 1485 2676 Omont,
1509 2592 1564 2658 ln-

334 2700 479 2764 ventaire
504 2699 675 2765 sommaire
699 2699 757 2764 des
780 2699 973 2765 manuscrits
997 2720 1090 2782 greca
1114 2698 1156 2765 de
1179 2700 1212 2765 la
1238 2700 1465 2784 Bibliotbbque
1492 2701 1564 2768 Na·

334 2805 456 2872 tionale
481 2806 522 2871 II.
552 2814 635 2890 part.
664 2826 695 2891 p.
728 2807 790 2872 109
819 2825 888 2889 sqq.
943 2807 1036 2871 Hunc
1068 2805 1212 2872 codicem
1243 2825 1319 2872 vere
1351 2827 1381 2870 a.
1409 2809 1495 2874 1890
1525 2808 1563 2872 iu

334 2912 562 2978 bibliothecam
585 2912 708 2995 regiam
733 2910 1022 2978 Vratislavieusem
1050 2913 1242 2978 translatum
1270 2913 1349 2978 mihi
1373 2913 1437 2997 ipsi
1460 2914 1561 2998 inspi-

334 3039 408 3085 cere
430 3019 529 3084 licuit.

422 3127 461 3191 Ei
485 3125 539 3209 qui
563 3124 669 3190 adhuc
692 3125 812 3208 Ignatii
836 3146 950 3191 versus
973 3127 1006 3190 iu
1023 3125 1181 3190 Adamnm
1195 3125 1365 3191 ediderunt
1380 3127 1562 3192 recentiore

334 3233 446 3299 codice
469 3234 494 3296 P
519 3232 588 3298 solo
612 3232 664 3296 usi
687 3238 773 3297 sunt:
798 3233 1001 3298 Boissonade
1024 3233 1057 3296 in
1080 3235 1140 3298 An.
1161 3232 1215 3299 Gr.
1234 3231 1297 3298 vol.
1320 3233 1336 3296 Ι
1359 3254 1390 3316 p.
1405 3235 1471 3299 436
1488 3253 1562 3316 sqq.

334 3341 383 3424 l:
411 3339 575 3422 Patrolog.
606 3358 688 3403 curs.
719 3338 834 3422 compl.
864 3358 929 3403 cur.
957 3339 1066 3422 lligne
1095 3339 1162 3404 Ser.
1193 3339 1308 3405 Gracc.
1336 3345 1411 3404 tom.
1439 3341 1500 3405 117
1525 3360 1559 3422 p.

335 3449 420 3514 1163
445 3445 526 3530 sqq]
551 3452 583 3511 et
604 3443 656 3510 ur.
681 3445 834 3510 Duebner
868 3447 900 3510 in
933 3445 1113 3530 appendice
1147 3445 1401 3528 fragmentorum
1432 3445 1559 3530 Euripi·

334 3554 465 3618 deorum
489 3573 509 3616 a
532 3551 584 3616 Fr.
610 3551 695 3620 (tuit.
720 3551 863 3635 Wagner
887 3551 1091 3616 collectorum
1115 3574 1147 3637 p.
1172 3555 1213 3619 91
1240 3573 1308 3636 sqq.
1356 3553 1415 3617 His
1443 3551 1560 3616 editio-

333 3659 426 3726 nibus
450 3679 528 3724 usus
552 3658 658 3724 denuo
686 3659 807 3742 Ignatii
839 3679 952 3724 versus
985 3659 1018 3724 in
1045 3657 1204 3724 Adamum
1237 3680 1302 3724 una
1334 3679 1406 3724 cum
1438 3659 1558 3742 Ignatii

333 3765 530 3832 tetrastichis
554 3765 701 3831 iambicis
723 3765 885 3831 recensuit
908 3773 940 3830 et
961 3767 1052 3830 brevi
1070 3764 1279 3830 adnotatione
1293 3766 1445 3831 instruxit
1458 3767 1559 3830 Caro-

332 3872 382 3937 lus
405 3871 589 3938 Fridericus
612 3865 757 3938 llucller.¹

420 3979 480 4045 His
517 3980 706 4066 praemissis
745 3997 934 4063 componam
972 3978 1118 4043 codicum
1153 3979 1175 4044 S
1209 3987 1241 4045 et
1272 3979 1298 4042 P
1336 3979 1378 4044 ab
1415 3979 1558 4045 editione

332 4085 543 4152 Muelleriana
566 4085 715 4151 lectionis
736 4085 998 4170 discrepantiam.
1032 4087 1097 4152 Eas
1118 4085 1212 4151 buius
1235 4085 1386 4152 editionis
1401 4086 1559 4151 lectiones

332 4212 414 4277 quas
437 4193 623 4259 lemmatum
646 4193 750 4260 instar
773 4193 918 4275 uncino]
942 4193 1123 4278 postposito
1148 4193 1305 4276 exscripsi
1328 4214 1386 4277 pro
1407 4193 1558 4276 genuinis

331 4300 450 4384 Ignatii
487 4300 594 4365 verbis
625 4321 677 4366 me
710 4300 864 4366 babuisse
897 4299 994 4386 scit03
1032 4299 1087 4365 abi
1120 4299 1280 4366 haesitavi
1313 4307 1370 4363 ant
1400 4300 1560 4365 lectiones

332 4407 559 4472 Muellerianas
582 4407 771 4492 improbavi,
797 4407 933 4490 geminis
957 4408 1085 4490 punctis
1109 4410 1155 4489 (r)
1179 4426 1256 4472 usus
1281 4425 1359 4471 sum.

421 4531 639 4598 lnsodbuntur
661 4551 792 4598 versus:
818 4533 859 4615 -l-
885 4533 981 4618 στίχοι
1000 4531 1142 4613 ’lavanca
1166 4529 1208 4605 εἰς
1230 4535 1278 4596 τὸν
1293 4527 1397 4618 Ἀδάμ
1421 4530 1455 4608 (8
1475 4529 1557 4618 &dep

1246 4637 1259 4651 ÷
1511 4632 1531 4673 ο

332 4693 384 4773 Ρ)·
411 4696 484 4777 πρὸς
506 4695 562 4776 γὰρ
587 4692 673 4776 φίλον
697 4703 861 4778 συμφοραῖς
884 4698 1081 4776 περιπεσόντα
1095 4697 1260 4777 (περιπεσον
1275 4691 1369 4776 rubr,
1385 4690 1444 4758 scd
1459 4711 1556 4755 manu
