3459 5200
201 792 327 856 Partim
362 813 403 858 ex
437 795 653 859 colometriae
681 795 904 860 Heliodoreae
933 795 1129 877 fragmentis
1159 799 1280 880 partim

125 914 160 958 ex
176 897 416 962 commentario
425 897 698 980 Hephaestioneo
715 898 864 964 derivata
880 903 932 964 est
947 919 986 964 ea
1001 904 1158 964 notarum
1171 902 1284 965 metri-

126 1015 233 1062 carum
262 999 455 1081 disciplina,
481 1019 566 1083 quae
592 1001 628 1064 in
651 1001 840 1064 recentibus
865 1001 1003 1065 scholiis
1025 1003 1284 1086 Aristophaneis

124 1101 336 1183 conspicitur:
360 1103 489 1185 quade
512 1103 595 1167 satis
618 1107 773 1168 accurate
797 1105 864 1168 iam
887 1105 954 1186 egit
968 1105 1201 1171 Thiemanuus
1216 1108 1237 1171 l.
1254 1126 1281 1171 c.

122 1203 229 1288 Neque
251 1206 440 1271 Demetrius
457 1206 639 1271 Triclinius
663 1226 763 1288 quam
787 1211 942 1272 notarum
965 1209 1180 1274 metricorum
1203 1211 1283 1274 doc-

122 1307 240 1372 trinam
269 1329 310 1373 ex
340 1311 582 1375 commentario
613 1310 887 1392 Hephaestioneo
922 1311 1097 1376 deduxerit
1129 1319 1285 1379 accurate

122 1429 285 1493 exponere
308 1433 430 1495 operae
452 1413 596 1494 pretium
617 1417 678 1488 est,
701 1433 773 1477 cum
795 1414 1005 1496 praesertim,
1027 1436 1111 1498 quae
1127 1420 1179 1481 est
1194 1419 1283 1500 apud

118 1513 322 1580 Demetrium
351 1515 593 1595 inconstantia,
628 1536 682 1580 res
715 1517 831 1598 paucis
865 1518 995 1581 absolvi
1030 1524 1183 1601 nequeat.
1218 1522 1283 1584 .De

119 1619 293 1684 notatione
315 1618 357 1684 ab
381 1618 438 1682 illo
462 1619 497 1682 in
520 1619 725 1685 carminibus
741 1619 929 1684 Pindaricis
950 1627 1110 1703 usurpata
1125 1623 1285 1688 disseruit

118 1722 254 1787 Boeckh
276 1723 371 1786 Pind.
395 1723 460 1787 vol.
483 1723 510 1786 ll
539 1724 553 1786 l
583 1744 615 1805 p.
639 1723 769 1787 XXXIII
793 1745 853 1806 sq,
885 1724 919 1786 in
940 1725 1122 1806 tragoediis
1153 1727 1206 1808 qui
1236 1727 1284 1791 illi

118 1825 218 1890 fuerit
239 1845 331 1902 usus,
356 1826 480 1907 optime
504 1826 706 1908 intellegitur
729 1847 770 1890 ex
786 1827 965 1908 Sophoclis
982 1828 1129 1892 editione
1144 1829 1284 1894 Parisiis

120 1930 203 1992 1553
232 1929 274 1993 ab
304 1929 452 1993 Adriano
477 1928 635 1994 Turnebo
664 1930 788 2012 publici
813 1931 894 1994 iuris
922 1932 1025 2008 lacta,
1055 1931 1090 1994 in
1113 1952 1179 2014 qua
1201 1932 1285 2014 ipsis

114 2032 297 2115 Sophoclis
320 2032 430 2096 verbis
453 2032 614 2097 Demetrii
637 2037 737 2097 notae
760 2033 914 2115 appictae
938 2036 1056 2115 sunto
1101 2034 1285 2117 Praecipua

114 2155 195 2200 vero
220 2135 308 2201 illius
331 2137 373 2201 de
396 2137 487 2202 notis
511 2137 659 2201 metricis
684 2137 875 2219 explanatio
903 2139 986 2202 haec
1014 2141 1067 2202 est
1094 2137 1143 2218 (in
1164 2138 1285 2203 Deme·

111 2240 170 2304 trii
195 2241 438 2304 commentario
462 2239 642 2322 Sophoclis
666 2240 806 2305 editioni
829 2241 931 2305 modo
961 2241 1124 2305 excitatae
1154 2241 1284 2306 adiecto

112 2363 145 2423 p.
162 2344 194 2418 8,
210 2343 323 2425 2-9lz
348 2342 380 2406 ἐν
402 2343 457 2427 μὲν
478 2342 540 2426 γὰρ
562 2351 628 2419 ταῖς
651 2351 798 2427 στροφαῖς
819 2343 881 2407 τῶν
902 2340 1153 2427 ἀλλοιοοτρόφων
1169 2340 1286 2407 τούτων

109 2465 355 2530 συστηματικαιν
366 2446 427 2510 τῶν
440 2445 524 2508 κατὰ
539 2443 714 2530 περικοπὴν
729 2442 864 2531 ἐχόντων
880 2445 1064 2531 συστήματα
1076 2444 1286 2532 ἀνομοιομερῆ

111 2547 166 2612 ἐπί
183 2548 239 2611 τοῦ
261 2547 439 2614 τελευταίου
461 2545 567 2613 κωλου
590 2546 674 2613 κατὰ
697 2549 751 2634 μὲν
772 2545 829 2634 τὴν
852 2547 956 2635 ἀρχὴν
978 2548 1073 2634 διπλῆ
1091 2549 1211 2614 τίθεται
1226 2549 1285 2629 ἔξω

106 2660 286 2731 νενευκυῖα,
310 2652 360 2717 ἐντί
382 2653 417 2717 δὲ
437 2654 481 2738 τῷ
504 2652 584 2717 τέλει
606 2650 814 2738 παροίγραφος
835 2654 891 2715 καί
913 2654 975 2716 ἔσω
996 2662 1156 2717 νενευκυῖα
1180 2652 1285 2737 διπλῆ,
1378 2659 1380 2662 ’

108 2756 270 2841 δηλοῦται
292 2753 338 2819 ὅτι
359 2755 420 2819 τῶν
441 2754 728 2841 οἶνταποδιδομίνυν
757 2755 830 2819 είοίν
861 2755 894 2818 αί
919 2762 1057 2820 τοιαῦται
1082 2756 1223 2840 οτροφαί·
1253 2756 1285 2820 ἐν

105 2860 146 2922 δὲ
183 2866 250 2935 ταῖς
283 2856 495 2943 ἀναστροφαῖς
524 2858 574 2923 ἐπὶ
606 2864 649 2944 τῷ
677 2858 758 2923 τέλει
785 2860 839 2923 τοῦ
868 2858 1046 2923 τελευταίου
1072 2856 1179 2924 κοίλου
1207 2856 1285 2945 μόνη

105 2956 340 3047 παροίγραφος·
364 2962 414 3041 ἐπί
436 2960 538 3047 μέντοι
551 2968 607 3045 τῆς
621 2960 799 3038 τελευταίας
822 2954 1025 3046 ἀναστροφῆς
1048 2962 1098 3025 ἐπὶ
1112 2969 1167 3026 τοῦ
1182 2961 1285 3027 τελευ-

103 3065 204 3129 ταίου
219 3060 327 3129 κοίλου
339 3062 394 3128 διίο
407 3061 496 3149 μόναι
507 3064 644 3129 τίθενται
656 3065 770 3147 διπλαῖ,
783 3061 866 3129 κατοί
881 3086 914 3129 τε
925 3064 982 3149 τὴν
994 3061 1098 3149 ἀρχὴν
1112 3066 1167 3129 τοῦ
1181 3063 1286 3130 κοίλου

103 3171 170 3232 καί
193 3166 278 3231 κατοὶ
300 3166 335 3231 τὸ
364 3167 466 3245 τέλος·
501 3164 674 3253 ἀμφότεραι
702 3170 737 3231 δὲ
765 3168 824 3247 ἔξω
852 3178 1038 3249 νενευκυῖατ,
1068 3169 1219 3253 δηλοῦσαι
1241 3168 1287 3232 ὅτι

100 3272 205 3348 τέλος
227 3272 304 3357 ἔσχε
326 3268 365 3335 τοὶ
387 3264 663 3357 ἇνταποδιδόμενα.

201 3393 253 3457 Ad
277 3412 425 3476 eaquae
450 3394 490 3457 de
514 3398 670 3458 notarum
693 3394 907 3458 metricarum
933 3394 1022 3476 apud
1047 3398 1177 3458 veteres
1206 3393 1286 3457 doc·

100 3500 207 3563 trina
240 3496 362 3561 tradita
395 3498 558 3561 habemus
596 3497 802 3562 absolvenda
834 3502 968 3580 praeter
1002 3497 1104 3562 exiles
1139 3496 1287 3578 ipsarum

97 3605 273 3666 notarum
297 3597 486 3681 reliquias²)
517 3600 607 3663 velut
636 3599 669 3662 in
696 3599 884 3681 fragmento
913 3599 971 3663 illo
1000 3598 1187 3675 Alcmanis‚
1222 3616 1287 3679 quo

96 3707 151 3769 (le
191 3702 375 3784 disputavit
408 3702 570 3783 Bergkius
604 3702 698 3766 PLG
720 3702 786 3765 111⁴
812 3723 843 3784 p.
867 3703 909 3766 16
936 3723 996 3784 sq,
1026 3700 1156 3765 accedit
1184 3720 1287 3764 unum

93 3806 319 3874 anecdotum
341 3804 533 3871 Parisinum
557 3806 651 3887 quod'
669 3810 800 3883 vocant,
829 3807 974 3887 primurn
1004 3825 1033 3868 a.
1057 3805 1120 3869 Th.
1145 3804 1286 3885 Bergkio

99 3964 322 3977 ,„„......-.........

90 4070 211 4137 aliqua
234 4070 311 4135 parte
340 4065 437 4120 similis
466 4082 529 4118 esse
552 4064 660 4118 videtur
685 4064 709 4118 ei
733 4080 815 4133 quarn
838 4063 949 4117 Aristidi
973 4063 1156 4116 rhetoricum
1175 4063 1287 4116 Hermo·

87 4173 184 4223 gene
216 4154 301 4208 luisse
328 4153 514 4207 demonstavit
532 4152 626 4205 Herm.
644 4152 806 4219 Baumgart:
836 4150 930 4205 Aelius
948 4150 1082 4203 Aristides
1102 4150 1144 4202 als
1169 4151 1287 4217 Reprae-

86 4248 228 4299 sentant
260 4243 309 4295 der
336 4240 544 4309 sophistischen
578 4239 711 4293 Rhetorik
742 4238 825 4307 (Lips
848 4238 924 4306 1874)
943 4255 968 4305 p.
990 4238 1037 4290 137
1057 4253 1118 4305 sqq.

208 4345 363 4416 'lCopiose
386 4362 438 4399 nec
461 4350 554 4399 tamen
582 4349 709 4398 accurate
733 4345 767 4398 de
794 4344 868 4398 notis
895 4342 1015 4396 metricis
1043 4343 1116 4410 apud
1138 4342 1288 4396 Pindarum

82 4435 282 4503 Aeschylum
301 4433 470 4501 Sophoclem
488 4431 647 4499 Euripidem
668 4432 807 4500 usurpatis
831 4430 960 4483 disseruit
979 4428 1109 4483 Osannus
1132 4429 1160 4481 in
1184 4429 1288 4481 Anecd.

81 4529 195 4582 Rom.
214 4538 241 4590 p.
261 4521 379 4575 91-101
401 4525 429 4575 et
448 4520 593 4573 rue-186.

201 4625 225 4697 ¹)
244 4626 278 4681 cl.
298 4627 380 4680 etiam
399 4626 492 4680 Christ
509 4623 618 4678 Metrilr¹
637 4642 662 4691 p.
682 4624 740 4677 367.
