3459 5200
911 409 954 475 10

828 499 1041 519 ·-—⁷-—-

319 601 485 669 hebebant
507 602 589 688 soni,
621 602 676 688 qni
702 601 819 670 litteris
847 608 930 664 All
957 595 1128 671 notantur.
1163 602 1283 669 Eorum
1313 600 1446 690 propria
1477 597 1548 668 era't

322 709 586 796 eertsqualitas,
611 710 778 795 quantitas
800 709 888 776 haud
910 710 966 797 ita,
989 710 1051 777 etsi
1074 709 1108 776 hi
1130 710 1202 778 soni
1217 728 1354 797 semper,
1373 708 1547 796 quomodo

320 836 445 902 eunque
475 818 784 904 pronuntiabantur3
818 817 943 886 eisdem
958 838 960 841 ·
974 818 1060 886 notis
1083 817 1366 906 ,signihtabantnn
1412 812 1548 884 Lioebat

321 922 491 992 enimhns
513 945 611 994 sonos
633 926 680 992 ita
703 924 859 1004 emittere,
883 931 920 991 nt
942 945 999 992 eos
1022 932 1081 992 aut
1102 925 1233 1010 longius
1250 925 1452 992 eutbrevine
1466 932 1546 990 tem

319 1029 408 1118 poris
432 1033 573 1119 spatium
596 1038 743 1120 eaperet3
766 1039 866 1118 atque
889 1032 917 1100 si
940 1031 1089 1118 produeti
1113 1039 1214 1118 erant,
1244 1031 1427 1118 quantitate
1448 1050 1548 1118 pares

321 1147 414 1206 erant
435 1140 597 1208 vocalium
619 1146 737 1208 natura
760 1141 940 1226 longarum,
964 1144 989 1199 Η
1012 1146 1046 1206 et
1068 1144 1100 1224 Ω,
1123 1139 1153 1207 si
1176 1140 1316 1226 correpti
1331 1145 1433 1225 erant,
1448 1157 1548 1223 quan·

321 1246 415 1313 titate
437 1245 524 1316 idern
546 1247 700 1316 valebant
722 1258 822 1334 atque
843 1247 977 1314 voosles
1003 1253 1122 1314 natura
1148 1247 1273 1332 breves,
1297 1251 1321 1306 l:
1343 1254 1378 1314 et
1399 1252 1430 1312 0.
1477 1245 1548 1312 Hue

321 1354 469 1440 aoeeesit,
492 1354 580 1440 qnod
608 1363 701 1424 erant
727 1354 897 1435 voeabula,
929 1354 963 1421 in
995 1355 1112 1441 quibus
1144 1353 1276 1423 vocales
1300 1358 1382 1414 All·
1405 1352 1547 1421 medium

316 1451 390 1540 'lure
411 1461 518 1530 looum
533 1463 625 1531 inter
646 1462 823 1550 produotos
852 1469 886 1531 et
913 1469 1078 1548 correptos
1107 1481 1203 1530 sonos
1231 1461 1313 1527 aid
1341 1467 1488 1528 tenerent
1514 1467 1547 1527 ot

321 1589 362 1636 ex
384 1569 516 1638 arbitrio
539 1568 636 1637 modo
659 1569 921 1658 produoerentur,
945 1567 1040 1638 modo
1054 1569 1300 1656 oorriperentur.
1308 1568 1333 1648 ¹)
1366 1566 1459 1646 Quse
1474 1588 1547 1636 enm

321 1675 368 1750 lta
391 1684 509 1758 essent,
535 1675 741 1746 statuendum
764 1685 834 1746 erat
857 1695 965 1758 sonos,
995 1677 1050 1763 qui
1076 1677 1194 1744 litteris
1217 1679 1299 1736 Ait
1321 1675 1547 1762 insigniuntur,

282 1799 285 1804 ·
320 1803 472 1852 mensura
495 1791 681 1853 constantes
703 1805 767 1853 non
790 1803 864 1853 esse
887 1783 948 1853 sed
968 1781 1100 1852 uariari.
1134 1781 1314 1868 Itaquehis
1329 1783 1420 1851 souis
1434 1783 1548 1870 appol·

320 1891 460 1960 lstiones
493 1890 679 1960 luderentur
710 1912 845 1962 nonense
877 1899 967 1978 eratp
1001 1891 1116 1977 quibus
1147 1890 1249 1958 dubia
1280 1898 1380 1977 atque
1411 1909 1548 1958 oorusoa
1586 1889 1591 1898 '

322 2017 432 2068 eornm
455 2005 574 2067 natura
594 1997 818 2068 illustraretur.

408 2123 500 2192 Haeo
522 2123 679 2211 doetriua,
700 2143 765 2210 qus
787 2129 912 2212 septem
935 2123 1096 2192 elementa
1118 2121 1248 2190 voealia
1270 2129 1492 2208 agnoseuntnr
1513 2129 1548 2188 et

321 2246 473 2300 mensura
495 2231 529 2299 in
552 2239 629 2300 tres
642 2232 766 2301 classes
789 2229 987 2318 digeruntur,
1015 2250 1076 2318 per
1097 2231 1206 2297 omnia
1230 2231 1363 2298 saeoula
1385 2229 1420 2297 in
1443 2249 1549 2314 gram·

320 2338 509 2406 matinorum
533 2335 654 2406 soholis
676 2338 788 2420 veluit,
817 2337 881 2406 etsi
904 2339 936 2404 ei
957 2336 1118 2404 uenalium
1140 2338 1213 2406 soni
1234 2338 1290 2423 qui
1313 2336 1547 2405 reeentioribus

321 2445 519 2533 temporibus
555 2445 588 2513 in
626 2447 767 2514 omnium
799 2465 859 2514 usn
891 2451 992 2532 erant,
1031 2445 1190 2529 qualitate
1220 2444 1395 2513 admodum
1426 2443 1547 2510 diversi
1624 2451 1631 2462 “

322 2559 415 2622 erant
445 2553 488 2621 ab
515 2554 567 2621 eis
599 2554 697 2641 sonis,
731 2553 787 2641 qni
817 2553 1053 2638 antiquioribus
1085 2553 1284 2641 temporibus
1316 2551 1543 2621 audiebantur.

320 2662 435 2747 Neque
456 2668 565 2729 tamen
588 2662 631 2728 ab
653 2662 801 2730 omnibns
825 2681 977 2730 sonorum
998 2661 1181 2728 immutatio
1201 2660 1351 2747 negleota
1364 2668 1431 2748 est3
1454 2666 1549 2728 erant

323 2769 407 2837 enim
429 2770 503 2857 ipsa
526 2768 617 2837 Sexti
645 2769 799 2857 Empirioi
827 2775 938 2837 aetate
968 2769 1021 2836 vel
1052 2775 1130 2836 ante
1163 2776 1310 2857 tempora
1342 2768 1413 2837 eius
1445 2767 1549 2856 philo·

322 2875 416 2963 sophi
439 2874 579 2963 qnidam,
611 2876 666 2963 qni
699 2876 798 2945 etiam
830 2896 930 2945 sonos
961 2881 1003 2936 Al
1022 2880 1058 2935 ΕΙ
1077 2880 1122 2937 ΟΥ
1153 2877 1383 2945 elementorum
1415 2877 1549 2959 linguae

322 2984 470 3052 Graeeae
492 2985 564 3051 loeo
587 2983 759 3070 haberent3
792 2984 825 3051 hi
854 2985 940 3053 enirn
971 2985 1053 3072 soni,
1087 2986 1142 3070 qni
1174 2984 1317 3070 antiquis
1347 2985 1548 3071 temporibus

322 3090 515 3179 diphthongi
538 3089 594 3178 (a¹,
617 3088 655 3178 e¹,
677 3098 729 3178 0¹¹)
752 3092 889 3178 inerant,
913 3099 981 3158 tum
1002 3111 1101 3159 unum
1124 3111 1239 3160 sonum
1262 3095 1306 3178 (a,
1328 3092 1350 3177 i,
1370 3094 1404 3170 u)
1428 3091 1548 3159 offinie-

321 3200 410 3269 hant.
461 3198 509 3267 uf.
538 3198 674 3267 Sextum
705 3200 901 3286 Empirloum
932 3221 963 3286 p.
986 3199 1061 3281 625,
1088 3201 1278 3284 17-626,
1303 3199 1395 3283 11.²)
1441 3200 1549 3285 Atque

322 3306 441 3375 Sextus
458 3306 647 3394 =Empirious
669 3308 741 3394 ipse
765 3306 875 3375 doouit
908 3327 972 3373 nen
1004 3313 1128 3394 septem
1159 3307 1290 3374 vocales
1322 3305 1549 3391 agnosoend'as

323 3435 407 3500 esse,
432 3413 490 3482 sed
513 3414 668 3500 quinque:
692 3435 714 3481 a
736 3435 757 3481 e
779 3414 790 3480 i
813 3434 832 3481 o
856 3424 987 3500 usnam
1012 3414 1101 3481 Serti
1125 3412 1279 3501 Empirioi
1302 3419 1414 3481 aetate
1436 3418 1462 3473 Η
1484 3431 1549 3480 non

322 3521 417 3588 aliter
439 3516 547 3605 atque
560 3520 737 3609 produntns
761 3541 859 3589 sonus
883 3527 906 3581 Ε
928 3521 1068 3589 sonabat
1089 3528 1122 3588 et
1145 3528 1166 3582 Ω
1191 3540 1296 3607 aeque
1314 3541 1355 3589 ae
1371 3520 1548 3607 prodnotns

323 3648 421 3698 sonus
444 3634 466 3689 0
488 3628 772 3717 pronuntiabatnr3
803 3628 843 3699 of.
866 3628 1000 3695 Sextum
1027 3630 1119 3716 Emp.
1144 3651 1176 3716 p.
1200 3630 1277 3714 625,
1300 3632 1322 3696 9
1348 3626 1370 3717 ἡ
1392 3632 1450 3715 γὰρ
1473 3626 1549 3717 obeb

323 3738 448 3825 δὺναμις
470 3736 515 3803 ἐπ’
540 3736 717 3826 ἀμφοτέρων
731 3735 813 3820 (soil.
829 3736 902 3825 ΕΗ)
919 3736 993 3822 ἐστί,
1015 3742 1069 3803 καὶ
1092 3739 1240 3805 motulis
1263 3740 1317 3825 μὲν
1337 3740 1370 3803 τὸ
1396 3740 1420 3795 Η
1443 3742 1548 3818 γίνεται

323 3848 357 3920 E,
381 3843 508 3911 ἐκτωθὲν
532 3846 564 3909 δὲ
586 3849 621 3910 τὸ
645 3848 668 3903 E
690 3849 801 3927 γίνεται
824 3850 858 3909 H.
899 3848 982 3911 κατὰ
1008 3846 1040 3910 δὲ
1067 3848 1121 3911 τὸν
1147 3841 1238 3911 αὐτὸν
1260 3848 1371 3930 τρόπον
1392 3848 1447 3909 sul
1468 3847 1505 3909 τὸ
1526 3849 1549 3901 0

322 3957 374 4019 mi
396 3956 432 4019 τὸ
456 3954 477 4011 Ω
500 3958 563 4041 piu
585 3956 773 4039 στοιχείου
796 3958 951 4041 γενήσεται
972 3955 1075 4040 poen<
1096 3956 1200 4041 κοινὴ
1219 3952 1339 4017 emese
1349 3955 1403 4017 aul
1416 3953 1548 4037 συστολῇ

324 4062 512 4149 διαφέρωαα,
531 4057 649 4145 ἐπείπερ
673 4062 706 4125 τὸ
730 4064 781 4146 μὲν
804 4064 825 4119 Ω
849 4065 964 4148 μακρόν
986 4060 1067 4125 ἐστιν
1089 4064 1121 4135 0,
1142 4063 1176 4125 rb
1200 4061 1233 4125 bt
1254 4064 1276 4117 Ω
1299 4060 1396 4145 βραχίι
1418 4058 1493 4125 ἐστιν
1516 4062 1547 4122 Ω.

322 4172 538 4259 τιιφλὼττουσιν
560 4164 613 4235 οὖν
637 4165 664 4233 οἱ
686 4171 907 4255 γραμματικοὶ.
925 4216 956 4232 ..
982 4169 1118 4250 λέγοντες
1136 4165 1213 4232 istud
1226 4171 1382 4255 φωνάεντα
1394 4172 1550 4253 τυγχάνειν

416 4417 439 4489 ¹)
472 4419 513 4475 Cf.
533 4418 608 4475 Gnil.
626 4418 734 4486 Hnrtel,
752 4416 932 4475 Homerisehe
950 4417 1068 4475 Studien
1085 4414 1182 4489 ΜΨ,
1201 4417 1235 4473 IL
1248 4414 1381 4473 Draheim
1404 4416 1436 4471 in
1453 4416 1548 4475 Jahrb.

323 4508 343 4567 f.
361 4509 440 4567 olaus.
459 4508 531 4565 Phil.
549 4508 604 4567 vol.
623 4508 675 4565 133
693 4505 733 4577 (a.
753 4507 834 4575 1886)
853 4506 962 4577 pete.

415 4615 436 4685 ¹)
468 4615 509 4672 Oi.
528 4615 606 4671 Bless
625 4615 643 4670 l.
662 4615 681 4670 l.
700 4632 728 4683 p.
745 4614 789 4679 22,
807 4614 911 4669 Zeeher
928 4614 950 4670 l.
967 4615 985 4668 l.
1003 4632 1032 4685 p.
1043 4613 1077 4668 18
1094 4630 1144 4682 sq.¹
1163 4612 1350 4670 hisisterhums
1368 4613 1388 4668 l.
1400 4613 1419 4667 l.
1433 4613 1450 4680 9
1465 4612 1507 4679 14,
1521 4612 1548 4668 9.

324 4706 366 4772 15,
381 4706 406 4762 G.
421 4706 465 4759 24.
483 4706 527 4761 20.
541 4705 566 4760 Ω.
875 4729 879 4733 >
