3459 5200
945 403 989 476 20

859 498 1066 509 ι--ι-ιι

352 620 425 689 dem
448 621 618 689 Isokrates
641 620 803 705 vorwirit
829 643 866 689 er
888 625 974 691 habe
997 624 1031 689 in
1048 624 1346 708 abgeschmackter
1370 628 1434 691 Art
1457 624 1580 692 ortlioh

350 730 587 798 verschiedene
610 731 748 814 Mythen
771 750 812 796 zu
834 732 964 815 einigen
989 734 1135 815 gement,
1161 732 1269 798 iudom
1293 753 1330 799 er
1354 734 1416 799 den
1434 734 1578 799 Soliwan

352 843 466 905 zuerst
489 838 543 905 die
566 838 725 921 Nemesis,
750 839 838 905 danu
866 839 919 905 die
942 839 1035 905 Leda
1059 841 1218 905 tituschen
1242 842 1350 906 ldsst‘?
1375 838 1450 925 (Ep.
1475 840 1579 922 Kyki.

349 946 386 1011 II
410 946 442 1012 S.
470 946 534 1013 136
557 948 652 1012 Anm.
678 948 744 1028 71).
792 947 879 1013 Dass
913 947 1136 1013 thatsitohliob
1169 948 1202 1013 in
1233 948 1292 1014 der
1321 949 1393 1035 dem
1425 948 1580 1031 Hyginus

350 1053 586 1137 vorliegeuden
610 1053 751 1119 Version
775 1054 828 1120 die
852 1053 1097 1137 Nemesisfabei,
1123 1054 1186 1122 wie
1211 1054 1271 1122 wir
1294 1054 1341 1121 sie
1365 1056 1399 1120 in
1424 1055 1488 1120 den
1503 1056 1578 1137 Ky-

349 1160 443 1243 prien
467 1162 565 1244 lesen
601 1161 663 1226 mn
697 1162 755 1227 uer
786 1162 978 1228 nonomen
1002 1145 1220 1245 iiberlistung
1255 1162 1313 1228 cer
1342 1162 1434 1228 Leda
1470 1162 1576 1227 turen

350 1270 444 1351 Zeus,
470 1268 530 1334 deu
551 1269 586 1334 in
614 1268 710 1335 einen
734 1269 875 1335 Schwan
907 1269 1113 1336 verwandelt
1143 1249 1213 1335 sich
1243 1288 1307 1336 von
1332 1270 1518 1351 Aphrodite
1543 1270 1578 1335 in

350 1375 579 1458 Adlergestait
618 1375 787 1458 verfolgen
832 1374 924 1459 liess,
965 1376 1167 1461 vollst'dndig
1204 1378 1264 1444 mit
1303 1378 1461 1443 einander
1499 1396 1578 1443 ver-

349 1483 534 1550 schmolzen
569 1502 695 1565 waren,
734 1483 826 1564 zeigt
862 1482 954 1549 scine
984 1484 1194 1550 Astrouomia
1224 1484 1268 1566 II,
1301 1484 1336 1551 8:
1370 1486 1457 1551 Olor.
1491 1486 1580 1549 huno

350 1589 471 1656 Graeci
494 1608 635 1673 cygnum
666 1591 851 1672 appellant3
878 1642 884 1655 .
911 1644 918 1656 .
945 1644 951 1657 .
979 1644 984 1655 .
1017 1592 1058 1661 de
1090 1610 1152 1673 quo
1182 1592 1265 1657 haec
1297 1592 1471 1658 memoriae
1502 1611 1579 1675 pro-

349 1697 421 1763 dita
445 1702 498 1763 est
533 1716 643 1763 causa.
690 1698 841 1779 Iuppiter
863 1717 934 1764 oum
959 1718 1068 1763 amore
1093 1698 1245 1765 inductus
1261 1699 1412 1765 Nemesin
1437 1698 1580 1782 diligere

300 1806 304 1810 ’
349 1804 511 1887 coepisset
532 1824 637 1886 neque
658 1805 699 1870 ab
716 1823 757 1871 ea
780 1812 817 1871 ut
832 1824 940 1871 secum
958 1806 1186 1872 concumberet
1201 1807 1378 1888 inpetrare
1402 1806 1577 1889 potuisset,

348 1912 410 1977 hac
433 1912 636 1996 cogitatione
656 1932 768 1979 amone
790 1918 844 1978 est
871 1913 1042 1979 liberatus.
1083 1913 1174 1979 iubet
1197 1914 1282 1980 enim
1298 1915 1460 1980 Venerem
1484 1914 1579 1995 equi-

348 2019 402 2085 lae
425 2019 613 2086 simulatam
637 2038 672 2086 se
696 2021 802 2101 seque
842 2020 914 2102 ipse
944 2019 977 2087 in
1009 2022 1130 2087 olorem
1162 2040 1340 2087 conversus
1370 2029 1407 2087 ut
1430 2021 1579 2102 aquilam

348 2125 479 2210 fugiens
510 2127 553 2194 ad
582 2128 737 2193 Nemesin
769 2128 917 2211 confugit
948 2134 982 2194 et
1015 2128 1048 2194 in
1077 2129 1148 2195 eius
1171 2130 1294 2211 gremio
1324 2148 1360 2195 se
1388 2128 1577 2194 collocavit.

350 2253 442 2315 quem
468 2234 616 2300 Nemesis
638 2254 703 2300 non
727 2248 906 2316 aspernata
923 2237 1107 2317 amplexum
1123 2242 1240 2303 tenens
1257 2254 1367 2302 somno
1385 2242 1436 2302 est
1461 2254 1578 2301 conso

347 2340 436 2422 pita;
471 2360 566 2422 qoam
597 2341 812 2408 dormientem
843 2342 995 2424 Iuppiter
1027 2343 1219 2424 compressit
1251 2396 1257 2409 .
1284 2396 1289 2408 .
1317 2396 1323 2408 .
1351 2395 1390 2409 ..
1425 2344 1579 2409 Nemesis

348 2453 466 2530 autem,
490 2457 529 2515 ut
552 2468 635 2531 quae
658 2449 769 2516 avium
793 2451 907 2533 generi
924 2458 1014 2516 esset
1037 2451 1159 2534 innota,
1184 2451 1349 2518 mensibus
1372 2450 1459 2517 actis
1474 2470 1574 2517 ovum

349 2556 547 2641 procreavit,
579 2558 663 2639 quod
687 2556 870 2624 Mercurius
900 2557 1053 2625 auferens
1084 2559 1205 2625 detulit
1228 2560 1381 2642 Spartam
1406 2566 1440 2625 et
1462 2560 1578 2625 Ledae

351 2663 482 2730 sedenti
505 2664 540 2730 in
564 2665 722 2747 gremium
745 2665 901 2746 proiecit3
942 2685 982 2732 ex
1011 2685 1072 2747 quo
1096 2667 1245 2733 nuscitur
1268 2668 1407 2748 Helena,
1444 2675 1577 2734 ceteras

349 2771 497 2853 eorporis
519 2772 630 2853 specie
653 2779 837 2854 praestans,
873 2792 968 2854 quam
999 2774 1091 2839 Leda
1125 2793 1216 2840 suam
1250 2773 1349 2839 filiam
1382 2775 1577 2842 nominavit.

350 2877 409 2944 alii
439 2885 550 2945 antem
585 2899 653 2945 omn
679 2879 772 2946 Leda
794 2881 906 2946 Iovem
930 2881 1141 2947 concubuisse
1166 2882 1199 2947 in
1227 2882 1347 2948 olorem
1383 2901 1579 2948 conversum

350 2985 518 3068 dixerunt3
567 2987 608 3053 de
650 3006 711 3068 quo
752 2987 787 3054 iu
822 2988 929 3054 medio
975 2987 1203 3069 relinquemus,
1261 2989 1395 3055 Diesem
1429 2989 1577 3073 Zeugnis

350 3094 539 3177 gegeniuber
562 3092 691 3160 scheint
714 3096 775 3160 der
797 3095 932 3161 Schluss
955 3095 1150 3180 berechtigt‚
1185 3097 1262 3162 dass
1295 3096 1380 3162 auch
1402 3097 1578 3162 Isokrates

349 3198 474 3266 bereits
509 3201 581 3266 sich
619 3201 693 3268 eine
727 3202 1006 3286 Verwechseinng
1044 3204 1159 3269 beiden
1193 3203 1329 3286 Mythen
1374 3204 1577 3270 zuschulden

349 3307 498 3373 kommon
521 3308 641 3394 liess.¹)

438 3414 485 3480 Ja
517 3433 593 3482 man
637 3417 717 3500 ging
753 3418 853 3482 sehon
889 3417 932 3482 im
967 3417 1108 3484 aweiten
1143 3417 1440 3485 nachohristlioheu
1471 3417 1577 3486 Jahr-

350 3522 494 3588 hundert
516 3542 553 3589 so
575 3523 664 3606 weit,
701 3525 778 3590 dass
810 3543 887 3590 man
912 3524 1004 3590 Leda
1037 3527 1101 3591 und
1129 3526 1278 3591 Nemesis
1312 3523 1370 3590 fiir
1405 3526 1478 3591 eine
1511 3528 1578 3593 und

349 3628 495 3696 dieselbe
511 3631 635 3697 Person
658 3631 749 3698 hielt.
790 3632 856 3716 vgl.
877 3632 1026 3699 Clemens
1049 3634 1140 3698 Rom.
1158 3632 1277 3699 Homil.
1294 3633 1323 3698 V
1342 3633 1399 3699 13:
1435 3631 1577 3715 Νεμέσει

347 3740 389 3824 τῇ
402 3740 463 3803 τοῦ
480 3736 631 3817 Θεστίου,
654 3742 695 3825 τῇ
710 3739 765 3804 καὶ
787 3736 887 3828 Λὴδᾳ
910 3738 1120 3827 νομισθείσῃ,
1150 3737 1265 3816 κύκνος
1288 3735 1307 3828 ἢ
1330 3737 1390 3828 χὴν
1405 3737 1579 3824 γενόμενος

348 3840 434 3922 Ζεύς
459 3842 587 3934 Ἑλένην
617 3843 828 3924 ἐτεκνώσατο,
858 3847 914 3912 καὶ
945 3838 1049 3924 αὖθις
1076 3844 1181 3937 ἀστὴρ
1212 3845 1384 3932 γενόμενος
1416 3843 1578 3934 Κάστορα

350 4009 562 4018 ---.

440 4096 461 4164 ¹)
479 4096 586 4151 Andere
614 4095 807 4152 Sobrittsteller
835 4097 976 4153 bekenneu
1003 4097 1073 4152 offen
1101 4097 1158 4154 ihre
1185 4095 1385 4153 Unnissenheit
1416 4095 1445 4152 in
1473 4097 1576 4152 diesem

347 4183 463 4240 Punltia.
500 4185 563 4255 vgl.
583 4185 669 4240 Sobel.
689 4186 819 4241 Marciam
844 4189 968 4242 zuArat.
982 4187 1083 4242 Phaon.
1104 4187 1170 4242 273:
1194 4183 1343 4258 ἀντιπέρην
1356 4181 1495 4258 Ὄρνιθος]
1514 4185 1577 4242 τοῦ·

347 4294 397 4329 τον
413 4271 462 4330 νύν
485 4270 582 4347 Ὀρνιν
608 4278 706 4347 οἱμὲν
723 4281 835 4348 λέγουσι
853 4275 957 4332 κύκνον
975 4272 1054 4343 ὄντα,
1082 4282 1108 4332 oi
1136 4280 1174 4343 ot,
1202 4275 1272 4338 Ζεύς
1296 4282 1434 4337 εἰκασθεὶς
1458 4273 1576 4348 ὡμίλησε

347 4361 439 4435 Λήδᾳ·
458 4361 527 4420 κατὰ
546 4367 576 4420 δὲ
593 4363 658 4428 τούς
669 4370 811 4428 πλείστους
825 4373 949 4438 Νεμέσει.
970 4370 999 4428 ἐξ
1017 4364 1102 4421 αὑτοῦ
1121 4364 1175 4438 γὰρ
1194 4363 1243 4436 τὴν
1261 4363 1375 4434 ‘aternu
1394 4371 1482 4435 φασὶν
1499 4372 1576 4436 γενέ·

347 4459 416 4508 σθαι
433 4459 480 4508 καὶ
497 4451 562 4517 τούς
573 4446 761 4527 Διοσκούροος
779 4460 810 4510 ἓν
823 4453 867 4528 ᾠῷ
886 4455 941 4510 und
955 4456 1040 4512 Sobol.
1051 4456 1141 4511 Votis.
1161 4473 1194 4510 au
1213 4472 1238 4510 v.
1258 4456 1324 4509 eto:
1344 4461 1370 4509 ot
1388 4458 1426 4522 δέ,
1446 4451 1488 4510 ὅτι
1507 4453 1577 4516 Ζεύς

346 4548 484 4606 εἰκασθεὶς
508 4543 600 4616 κύκνῳ
628 4541 696 4600 κατὰ
722 4547 777 4617 μὲν
802 4543 867 4607 τούς
893 4543 1009 4606 πολλούς
1035 4543 1153 4617 ὡμίλησε
1179 4551 1303 4615 Νεμέσει,
1332 4542 1400 4598 κατὰ
1428 4547 1458 4598 δὲ
1486 4548 1576 4605 ἐνίους

346 4630 439 4704 Λήδᾳ,
466 4636 498 4688 ἐκ
515 4636 545 4690 δὲ
562 4633 608 4704 τῆς
625 4633 720 4704 Λήδας
736 4632 786 4703 τὴν
803 4631 919 4704 Ἑλένην
936 4641 1069 4706 γενέσθαι
1097 4641 1143 4689 omi
1171 4633 1235 4696 τούς
1260 4633 1449 4705 Διοσκούρους
1476 4637 1508 4688 ἐν
1530 4631 1574 4704 gio]

346 4726 469 4793 λέγουσι.
