3459 5200
681 594 721 656 35

117 800 188 882 ipsa
218 799 373 865 dicuntur
405 798 533 882 species
567 803 627 865 τῶν
654 797 900 885 συστηματικῶν.
954 800 997 864 At
1030 799 1113 864 mihi
1146 797 1281 883 quidem

115 902 253 986 περίοδοι
286 904 341 967 hic
364 923 433 968 non
455 902 611 967 videntur
639 903 847 967 sollemniter
875 903 983 968 dictae
1010 902 1051 967 de
1081 906 1171 967 certa
1200 923 1281 987 qua·

116 1007 192 1070 dam
216 1005 460 1088 compositione
483 1007 631 1086 metrica,
656 1006 715 1070 sed
738 1007 783 1070 ita
798 1013 981 1089 περικοπαῖς
997 1007 1171 1088 oppositae
1193 1027 1280 1086 esse,

114 1113 148 1173 ut
178 1110 269 1174 solas
299 1129 413 1175 earum
442 1114 557 1192 partes
587 1114 770 1174 metrorum
798 1109 984 1174 mutatione
1013 1097 1147 1174 effectas
1178 1110 1281 1192 signi-

113 1213 223 1277 hcent.
269 1212 420 1278 Similem
455 1214 489 1277 in
523 1213 660 1278 modum
693 1214 728 1277 in
762 1214 1005 1278 commentario
1028 1213 1057 1277 II
1080 1233 1281 1296 quamquam

113 1322 293 1401 περικοπῶν
308 1322 421 1399 partes
438 1321 673 1400 nuncupantur
688 1338 719 1399 p.
735 1317 797 1381 XX
816 1319 829 1380 1
857 1336 930 1400 sqq.
953 1312 1145 1400 onesiphoro,
1167 1321 1281 1381 tamen

113 1441 143 1501 p.
174 1421 290 1485 XXVII
321 1422 360 1484 14
387 1420 544 1484 universa
574 1419 773 1502 compositio
808 1420 995 1501 appellatur
1028 1414 1171 1503 ου’στημα
1199 1416 1282 1483 κατὰ

115 1522 290 1608 περικοπην
305 1521 533 1610 ἀνομοιομερές,
556 1544 664 1606 neque
685 1524 792 1602 aliler,
816 1543 890 1587 cum
913 1543 944 1605 p.
968 1523 1022 1586 Vll
1044 1524 1064 1585 8
1088 1543 1159 1604 sqq.
1192 1521 1282 1585 κῶλα

113 1628 271 1692 dicantur
300 1648 339 1693 ea
365 1632 548 1692 metrorum
571 1625 704 1713 μεγέθη,
735 1647 818 1710 quae
842 1622 1051 1709 ἀκατάληπτα
1073 1623 1146 1690 ὄντα
1174 1627 1281 1690 tribus

112 1733 255 1815 syzygiis
278 1731 409 1796 minora
426 1735 514 1809 sunt,
536 1752 568 1812 p.
590 1731 694 1794 XXXI
719 1733 732 1794 1
758 1731 920 1794 vocabulo
943 1729 1032 1792 κῶλα
1056 1729 1283 1810 significantur·

113 1835 145 1898 in
183 1835 305 1899 labulis
335 1855 393 1899 eae
423 1835 637 1916 stropharum
666 1839 789 1917 partes,
820 1855 905 1916 quae
936 1833 1154 1897 fabulantium
1182 1835 1282 1898 alter·

113 1938 310 2002 nationibus
335 1939 531 2003 efficiuntur.
577 1937 657 2001 Vide
681 1939 791 2016 etiam,
823 1957 907 2020 quae
941 1937 982 2001 de
1015 1937 1192 2019 pericopae
1220 1958 1283 2001 usu

111 2043 318 2106 Heliodoreo
343 2045 376 2105 ei
400 2041 440 2106 de
462 2040 592 2123 periodi
617 2041 746 2122 colique
769 2061 832 2104 usu
861 2061 881 2104 a
909 2040 1056 2104 metricis
1085 2040 1199 2105 latinis
1223 2042 1282 2104 ob-

112 2148 249 2208 servato
277 2144 365 2208 infra
392 2145 542 2227 pluribus
567 2144 786 2225 disputabo.¹)
832 2144 899 2209 Sed
925 2148 997 2208 utut
1024 2144 1089 2207 hoc
1113 2149 1173 2224 est,
1209 2143 1283 2225 ipso

111 2248 268 2312 vocabuli
303 2247 446 2332 περίοδος
481 2248 514 2311 in
545 2248 821 2311 commentariol
856 2268 919 2311 usu
946 2247 1064 2311 Hensii
1093 2247 1284 2311 coniectura

110 2349 334 2431 redarguitur.
381 2349 512 2414 Etenim
537 2350 570 2412 in
594 2349 713 2413 eodem
737 2349 979 2413 commentario
1003 2350 1085 2413 haec
1109 2351 1194 2415 Inest
1212 2371 1284 2414 car-

111 2455 244 2519 minum
261 2451 300 2530 ’ἐξ
322 2449 435 2538 ὁμοίιον
458 2453 637 2536 descriptio
661 2475 692 2534 p.
716 2453 756 2516 IV
783 2454 931 2517 11-13:
961 2450 993 2529 ἐξ
1021 2449 1134 2537 ὁμοίων
1162 2454 1197 2516 δὲ
1226 2452 1285 2517 ὅσοι

111 2556 149 2621 ἐκ
178 2555 236 2621 τοῦ
266 2552 362 2619 αὐτοῦ
389 2551 484 2632 ποδός
518 2555 597 2620 ἐστιν
626 2553 648 2639 ἡ
675 2555 731 2639 τῆς
759 2551 854 2639 αὐτῆς
884 2554 1028 2639 συζυγίας
1057 2575 1079 2640 η
1108 2560 1163 2642 τῆς
1190 2555 1286 2642 αὐτῆς

110 2658 262 2745 περιόδου
285 2657 431 2745 ἀρχικῆς.

202 2764 275 2827 Vim
300 2764 334 2826 in
358 2764 420 2827 hac
447 2762 656 2845 paragrapho
679 2763 843 2827 vocabulo
867 2761 1010 2846 περίοδος
1027 2762 1211 2828 sublectam
1235 2764 1286 2827 dl·

109 2888 248 2933 versam
267 2887 342 2931 esse
361 2868 403 2931 ab
421 2888 460 2932 ea
481 2887 566 2949 quae
582 2887 615 2948 p.
637 2868 676 2931 VI
694 2870 714 2929 9
734 2888 805 2950 sqq.
825 2866 1086 2949 deprehenditur
1106 2866 1209 2929 culvis
1227 2886 1285 2948 ap-

108 2977 227 3054 paret;
252 2989 336 3054 quae
356 2971 399 3034 sil
418 2970 510 3034 notio
534 2970 620 3033 bene
639 2970 799 3034 describit
817 2969 1000 3034 scholiasta
1017 2990 1049 3052 p.
1068 2968 1138 3033 Xlll
1162 2969 1286 3033 17-19

109 3078 166 3140 his
192 3074 306 3139 verbis
328 3073 471 3157 περίοδος
499 3072 534 3137 δέ
557 3073 635 3137 ἐστιν
657 3070 678 3157 ἡ
703 3073 741 3136 ἐκ
763 3068 919 3157 διαφόρων
940 3073 1044 3137 ποδῶν
1067 3072 1099 3137 ἐν
1120 3071 1164 3156 τῷ
1186 3071 1284 3156 στίχῳ

108 3175 270 3259 σύνθεσις,
300 3176 363 3241 οῖον
390 3173 544 3240 δακτύλου
578 3174 738 3260 τροχαίου,
767 3173 958 3239 ἀναπαίστου
987 3173 1100 3261 ἰάμβου
1129 3176 1184 3237 καὶ
1212 3176 1241 3238 εἰ
1259 3196 1288 3239 τι

108 3280 296 3358 recoctam)
338 3280 387 3344 Ac
409 3280 554 3361 prImum
579 3300 619 3343 ne
643 3279 717 3362 quis
741 3278 885 3343 eundem
908 3284 1078 3343 auctorem
1109 3280 1142 3342 in
1167 3278 1285 3342 eodem

108 3424 168 3431 -.-.-
176 3422 322 3429 ...ι-ο--α

212 3505 228 3573 Ι)
248 3505 281 3557 cl.
306 3508 450 3572 praeterea
474 3503 603 3556 vocabuli
627 3502 758 3570 περικοπή
779 3502 832 3557 vim
856 3503 885 3556 In
904 3504 992 3556 schol.
1011 3521 1036 3571 p.
1055 3502 1116 3555 XIV
1137 3504 1237 3556 80-ἳὶ
1261 3507 1288 3556 et

110 3594 192 3662 apud
214 3592 300 3645 Isaac.
319 3592 449 3645 Tzetzam
467 3592 495 3644 in
515 3592 635 3645 Crameri
653 3592 704 3644 An.
723 3591 783 3645 Par.
803 3592 858 3643 vol.
877 3592 888 3643 l
907 3608 933 3659 p.
957 3592 1011 3651 106,
1030 3593 1047 3643 ι’)
1065 3608 1127 3659 sqq.

208 3678 230 3747 ¹)
250 3678 289 3731 Ex
307 3680 394 3733 tribus
413 3680 625 3733 scholiaslarum
645 3678 874 3747 explicationibus
898 3696 931 3731 ea
954 3696 1038 3747 quam
1062 3677 1193 3744 exscripsi
1216 3694 1288 3729 com·

110 3768 268 3823 mendatur
287 3772 313 3819 et
331 3766 429 3819 scholii
449 3765 523 3818 illius
542 3766 570 3818 in
589 3782 645 3833 quo
664 3765 735 3817 inest
754 3766 917 3817 auctoritate
931 3766 966 3818 ad
980 3764 1066 3833 ipsius
1076 3762 1290 3830 Hephaestionis

110 3855 242 3921 εἰσβολήν
260 3871 310 3907 nos
328 3853 481 3907 revocantis
500 3858 527 3907 et
545 3870 573 3905 re
592 3854 664 3921 ipsa;
685 3853 717 3905 cl.
738 3852 820 3905 etiam
839 3852 983 3919 IVestphal
1002 3851 1174 3918 Allgemeine
1195 3850 1291 3903 hletrilr

110 3947 157 3999 ed.
179 3943 221 3997 Ill
240 3959 265 4010 p.
288 3944 335 3995 189
360 3947 387 3995 et
410 3940 555 4009 Georgium
578 3941 672 3995 Amsel
691 3941 732 3993 De
751 3942 777 3993 vi
797 3944 881 4008 alque
899 3940 992 3993 indole
1011 3940 1202 4007 rhythmorum
1225 3936 1291 4005 quid

110 4038 231 4085 veteres
262 4029 440 4083 iudicaverint
471 4029 513 4099 (iu
545 4028 693 4081 Breslauer
722 4028 856 4096 philolog.
888 4027 1028 4081 Abhandl.
1060 4027 1145 4081 vol.I
1171 4026 1238 4078 fasc.
1265 4026 1291 4092 3)

111 4138 138 4189 p.
173 4118 214 4171 50
244 4132 287 4183 sq.
319 4121 347 4169 et
374 4115 443 4170 Guil.
478 4116 572 4187 ⁸Christ
607 4116 635 4169 in
671 4115 808 4169 Ahhandl.
845 4116 871 4169 d.
906 4115 1031 4167 Muench.
1063 4113 1149 4167 Akad.
1179 4112 1292 4180 philos.-

111 4204 219 4275 philol.
240 4203 280 4255 lil.
300 4202 353 4256 vol.
376 4202 412 4255 XI
431 4202 465 4271 (a.
487 4204 561 4271 1868)
581 4220 606 4270 p.
628 4202 676 4256 143
695 4219 756 4271 sqq.
793 4202 887 4256 Altera
905 4202 1027 4255 delinitio
1045 4218 1071 4268 p.
1089 4200 1149 4253 XIV
1170 4201 1202 4252 13
1223 4204 1294 4264 περι-

112 4294 184 4357 οδός
205 4296 261 4343 ἐστι
279 4291 375 4358 ποδικὴ
396 4294 424 4342 ἐν
442 4296 507 4357 τρισὶ
525 4296 585 4343 ποσῑ
597 4293 860 4357 καταριθμησιςκτλ.
880 4290 966 4357 ipsius
977 4289 1144 4342 scholiastae
1154 4286 1294 4353 ingenium

112 4382 204 4451 sapit.
243 4378 340 4432 Verbis
360 4374 410 4431 οὐκ
434 4380 625 4445 ἐπιφερομένης
648 4378 716 4441 τινὸς
740 4373 922 4445 ἀντιστρόφου,
945 4372 1002 4429 ἀλλ’
1029 4376 1116 4440 ὥσπερ
1140 4369 1295 4439 ἀδιαφόρως

112 4480 138 4527 εἰ
168 4464 251 4537 τόχοι
277 4470 420 4534 τριμέτρων
447 4467 494 4518 δύο
522 4471 569 4519 καὶ
597 4468 655 4529 ἑνός
681 4470 858 4533 τετραμέτρου
891 4470 938 4518 και
966 4468 1127 4531 μονομέτρου
1153 4464 1201 4512 και
1231 4463 1295 4526 ἑξῆς

112 4561 232 4627 ὁμοίως,
258 4550 409 4621 ἀδιαφόροις
434 4554 515 4621 οὔσης
540 4554 587 4620 της
612 4549 696 4605 αὐτῶν
719 4552 878 4619 ποσότητος·
903 4557 1026 4619 περίοδος
1044 4552 1096 4617 γάρ
1114 4568 1131 4617 η
1152 4552 1183 4600 ἐκ
1202 4549 1295 4613 διαφό-

113 4665 174 4719 ρων
195 4646 291 4698 κώλων
309 4642 441 4710 περικοπή
463 4643 533 4695 benc
553 4647 674 4709 περίοδος
693 4642 863 4705 describitur,
883 4658 977 4693 verum
996 4657 1052 4693 uon
1071 4655 1112 4698 ea,
1132 4638 1165 4689 de
1190 4653 1246 4704 qua
1269 4637 1297 4689 in

1096 4742 1128 4795 3*
