3459 5200
905 442 952 508 50

315 637 497 722 comparari
522 638 576 701 vix
600 638 716 723 possit,
746 638 835 723 apud
863 658 958 722 quem
986 638 1019 703 in
1042 657 1106 703 uno
1130 638 1253 721 Gorgia
1276 636 1409 721 dialogo
1432 639 1541 723 plures

315 764 412 829 quam
434 744 652 829 quadraginta
675 743 797 812 formae
821 745 936 812 duales
959 745 1178 830 inveniuntur,
1207 744 1343 810 dimidia
1370 746 1438 812 lere
1464 766 1541 830 pars

316 852 385 919 cius
408 853 542 937 numeri,
567 853 621 935 qui
646 873 686 917 ex
710 852 856 919 omnibus
880 852 1064 919 Aristotelis
1088 853 1180 919 libris
1204 852 1351 920 efficitur.

404 976 699 1064 Theophrastus
731 978 840 1045 multis
873 979 906 1043 in
938 979 1035 1045 rebus
1068 998 1139 1044 cnm
1167 976 1341 1044 Aristotele
1370 978 1540 1045 consentit

316 1084 398 1151 Nam
430 1084 483 1150 hic
510 1104 639 1168 quoque
666 1086 836 1153 verborum
865 1086 955 1152 duali
985 1092 1017 1152 et
1043 1086 1205 1151 nominum
1233 1104 1410 1153 nom-aec.
1444 1092 1541 1169 caret,

316 1195 393 1258 δυοῖν
423 1201 455 1258 et
483 1191 592 1281 ἀμφοῖν
624 1212 724 1277 saepe
757 1214 829 1259 cum
856 1193 974 1279 plurali
1004 1192 1178 1277 coniunxit,
1212 1190 1342 1258 dualem
1369 1212 1441 1259 cum
1464 1194 1541 1258 δυοῖν

315 1298 367 1365 vel
391 1300 501 1388 ἀμφοῖν
525 1300 728 1368 coniunctum
751 1322 815 1367 non
838 1300 937 1367 habet
959 1300 1023 1367 nisi
1036 1311 1145 1388 χεροῖν,
1168 1300 1362 1384 omninoque
1375 1320 1540 1366 nnmerum

315 1407 488 1473 formarum
517 1407 662 1473 dualium
689 1409 901 1494 perexiguum
925 1409 1069 1494 praebet
1115 1407 1313 1491 Progressus
1336 1413 1445 1473 antem
1468 1426 1541 1473 con·

317 1514 464 1600 spicitur,
494 1514 580 1599 quod
608 1523 744 1602 excepto
771 1516 943 1602 participio
973 1515 1065 1582 ὄντοιν
1089 1515 1140 1581 bis
1163 1514 1258 1581 obvio
1282 1513 1403 1581 formas
1427 1512 1541 1581 duales

316 1621 379 1687 nisi
402 1621 674 1687 substantivorum
698 1628 730 1688 ct
753 1622 975 1708 pronominum
998 1620 1105 1688 nullas
1129 1620 1289 1688 adhibuit.

330 1780 333 1784 ·
405 1748 614 1836 Epicurus,
634 1748 891 1835 Metrodorus,
913 1748 1029 1834 Zeno,
1045 1747 1253 1815 Cleanthes
1268 1746 1453 1834 philosophi
1468 1767 1541 1812 num

317 1854 405 1921 duali
431 1876 560 1922 numero
585 1858 635 1923 nsi
660 1857 734 1943 sint,
758 1856 929 1924 nescimus.
969 1856 1052 1924 Nam
1076 1857 1138 1922 etsi
1162 1856 1195 1920 in
1219 1854 1410 1939 fragmentis
1431 1874 1539 1920 eornm

317 1961 424 2029 dualis
444 1962 547 2029 forma
570 1965 659 2029 nulla
683 1968 800 2051 exstat,
826 1972 934 2031 tamen
959 1984 1031 2031 cum
1046 1962 1277 2029 inAristotelis
1301 1983 1428 2047 quoqne
1451 1962 1542 2028 libris

317 2070 517 2156 quibusdam,
541 2070 595 2154 qui
619 2070 747 2137 modum
773 2092 882 2139 eorum
906 2072 973 2137 fere
997 2078 1190 2156 exaequant,
1213 2078 1248 2136 ut
1268 2071 1302 2135 in
1317 2078 1387 2136 arte
1404 2069 1542 2155 poetica,

317 2176 432 2243 duales
456 2177 577 2244 formae
601 2178 716 2263 desint,
740 2172 810 2245 lieri
833 2179 979 2265 potuisse
1003 2199 1068 2244 non
1090 2177 1291 2262 negabimus,
1315 2184 1351 2242 ut
1373 2178 1407 2241 in
1429 2177 1542 2243 horum

225 2362 229 2367 .
317 2303 444 2367 quoqne
466 2284 557 2351 libris
581 2285 759 2371 deperditis
782 2306 877 2353 rarae
900 2286 1016 2353 duales
1039 2286 1163 2353 formae
1187 2291 1306 2353 essent.

408 2408 591 2515 Quantillus
629 2420 736 2477 autem
772 2412 829 2477 illo
865 2420 1012 2497 tempore
1049 2411 1145 2477 luerit
1185 2410 1292 2476 dualis
1335 2430 1424 2496 usus,
1467 2408 1544 2476 inde

317 2524 465 2604 apparet,
490 2517 576 2603 quod
599 2518 863 2585 mathematici
888 2540 926 2586 eo
951 2519 1079 2585 omnino
1104 2525 1225 2586 carent.

406 2644 511 2727 Atque
535 2645 632 2712 etiam
656 2645 811 2731 Polybii
834 2667 926 2712 usum
960 2646 988 2712 si
1017 2666 1089 2711 cum
1117 2643 1344 2730 Theophrasto
1376 2664 1543 2730 compara·

318 2751 472 2836 verimus,
509 2752 609 2817 multo
645 2754 800 2820 minorem
838 2752 940 2819 fuisse
970 2773 1213 2837 cognoscemus.
1266 2751 1424 2837 Polybius
1458 2751 1543 2816 eninr

319 2865 453 2942 excepto
481 2869 580 2946 χεροῖν
614 2860 886 2926 substantivorum
920 2867 1043 2926 tantum
1077 2858 1206 2925 dualem
1236 2879 1306 2924 cnm
1336 2858 1446 2947 ἀμφοῖν
1469 2878 1544 2924 con·

319 2964 496 3030 iunctorum
533 2968 710 3051 usurpavit.
765 2967 925 3035 Numerus
962 2973 1071 3032 autem
1104 2986 1213 3032 eorum
1247 2965 1396 3031 minimus
1429 2972 1478 3032 est
1510 2973 1544 3032 et

319 3093 429 3140 omnes
456 3073 524 3140 lere
551 3075 645 3160 paria
672 3076 884 3142 membrorum
912 3073 1056 3140 indicant
1083 3073 1149 3159 vel,
1178 3081 1214 3140 ut
1241 3084 1358 3162 μεροῖν,
1387 3072 1474 3156 quod
1502 3073 1544 3138 de

320 3186 454 3264 utroque
478 3180 580 3248 latere
604 3182 729 3267 dicitur,
753 3181 983 3267 geminationis
1005 3183 1072 3247 vim
1095 3182 1225 3248 habent.

408 3305 511 3372 Paulo
535 3314 643 3374 antem
666 3316 740 3394 post
763 3306 871 3374 dualis
901 3315 996 3375 etex
1020 3305 1176 3373 historiae
1201 3313 1232 3372 et
1256 3327 1298 3372 ex
1321 3305 1437 3372 ceteris
1459 3305 1544 3372 litte·

320 3433 427 3478 rarum
443 3415 615 3498 generibus
629 3436 761 3500 prorsus
782 3416 923 3484 evannit.
969 3416 1052 3482 Nam
1076 3414 1165 3501 apud
1180 3413 1424 3480 Posidonium
1448 3433 1544 3477 unam

319 3519 454 3586 formam
486 3522 520 3586 in
552 3545 621 3602 -οιν,
646 3522 768 3589 nullam
792 3523 880 3607 apud
903 3521 1170 3588 Philodemum
1194 3519 1431 3605 (ludanensem,
1453 3521 1544 3586 Les·

319 3628 533 3710 honestem,
558 3628 766 3695 Diodorum
783 3630 936 3714 Siculum,
957 3629 1218 3709 Strabonem¹)
1235 3627 1422 3713 reperimus.
1450 3626 1546 3694 Unde

320 3735 381 3801 erit
404 3734 659 3802 concludendum
684 3736 770 3802 circa
794 3757 913 3802 annum
936 3736 1145 3803 centesimum
1164 3734 1416 3803 antechristum
1432 3743 1544 3801 natum

321 3841 448 3908 dualem
473 3864 604 3928 prorsus
628 3844 799 3912 interiisse.
846 3845 929 3911 Nam
958 3864 1029 3909 cnm
1058 3864 1099 3910 ne
1123 3847 1200 3909 δοοῖν
1225 3842 1355 3927 quidem
1379 3849 1412 3908 ct
1435 3841 1546 3931 ἀμφοῖν

321 3970 393 4014 cnm
416 3948 506 4016 duali
530 3951 806 4036 coniungerentur,
829 3953 890 4017 has
910 3971 1038 4035 quoque
1053 3951 1174 4016 formas
1189 3949 1320 4016 dualem
1334 3948 1399 4014 vim
1414 3949 1546 4016 exuisse

320 4065 466 4142 apparet

410 4183 513 4248 Paulo
546 4190 655 4250 antem
682 4191 757 4269 post
784 4183 818 4249 id
848 4191 898 4249 est
924 4189 1034 4248 aetate
1062 4182 1201 4267 Augusti
1230 4181 1435 4267 imperatoris
1463 4181 1544 4247 revi-

320 4289 475 4357 viscentis
503 4290 611 4356 dualis
638 4291 742 4376 prima
771 4290 911 4374 vestigia
939 4290 1152 4376 reperiuntur.
1204 4286 1419 4374 Dionysius
1447 4291 1545 4356 enim

321 4398 688 4466 Halicarnassensis
730 4399 767 4463 in
810 4397 1093 4482 archaeologia
1137 4399 1305 4463 Romana
1349 4402 1395 4462 τὼ
1440 4407 1546 4485 χεῖρε

321 4505 547 4572 accusativo
571 4506 700 4572 sexies
724 4526 814 4572 usus
839 4513 907 4574 est.
953 4506 1003 4573 Ne
1025 4527 1102 4572 vero
1125 4504 1291 4591 putaveris
1310 4503 1543 4570 hanclormam

414 4737 432 4800 ¹l
456 4738 489 4792 cf.
508 4757 536 4810 p.
556 4739 599 4793 28.
