3459 5200
704 383 748 449 39

619 475 832 486 *—

115 581 192 646 bene
207 579 297 663 iacit,
311 586 444 645 mortem
463 585 677 648 contemnere.
714 581 774 665 Ep.
794 583 865 648 113.
882 585 940 648 27:
966 582 1057 647 Doce
1070 601 1122 647 me
1143 633 1195 650 ...
1216 581 1337 647 nullum

114 686 230 752 animal
254 685 332 753 felix
357 707 430 753 esse
454 687 525 753 sine
548 685 752 766 tortitudine,
782 687 844 754 nisi
874 695 986 754 contra
1015 687 1146 754 somnita
1175 688 1338 755 convaluit

113 801 143 859 et
165 813 276 860 ornnes
300 814 405 874 casus,
430 800 603 878 antequam
627 794 799 880 exciperet,
823 799 1008 864 rneditaado
1032 795 1243 880 praedomuit.

199 902 237 966 T.
272 903 353 966 Anu.
387 901 449 966 XV
464 903 517 968 63.
547 903 583 969 4:
618 902 650 967 in
682 905 945 991 coratemplotioac
975 902 1063 968 vitae
1095 923 1153 988 per
1186 907 1337 972 virtutem

112 1015 203 1074 actae
227 1013 426 1076 desideria-m
449 1007 557 1074 mariti
580 1013 709 1077 solaciis
734 1013 877 1078 honestis
902 1010 1064 1079 toleraret.

197 1117 228 1181 S.
252 1114 297 1180 ad
321 1116 418 1182 Marc.
444 1114 485 1182 de
509 1116 629 1183 consol.
654 1116 763 1183 XXlV
777 1119 814 1181 4:
839 1117 961 1183 Harum
989 1120 1247 1202 eorrtemplotioae
1270 1123 1336 1185 vir·

110 1235 208 1290 intrim
232 1222 334 1288 filium
358 1242 436 1306 gere
460 1222 553 1307 quasi
576 1223 610 1289 in
634 1223 720 1292 sinn!
740 1224 800 1309 Ep.
821 1226 874 1291 40.
900 1228 933 1291 l:
958 1225 1118 1308 imagines
1141 1225 1234 1292 nobis
1258 1227 1335 1291 ami-

110 1350 214 1396 corum
238 1330 422 1397 absentium
445 1329 606 1397 iucundae
630 1337 712 1416 sunt,
732 1351 816 1415 quae
838 1332 1026 1398 memoriam
1049 1340 1205 1398 renovant
1229 1339 1261 1398 et
1284 1337 1336 1401 de·

108 1442 265 1506 siderium
289 1437 458 1504 absentiae
489 1438 573 1504 ialso
602 1444 700 1523 atque
726 1439 815 1504 inani
844 1442 961 1508 solacio
989 1439 1108 1507 levant.
1136 1440 1195 1526 Ep.
1220 1442 1272 1509 78.
1297 1442 1334 1507 3:

109 1545 139 1609 in
162 1544 340 1612 remedium
365 1543 484 1611 cedunt
507 1548 639 1615 honesto
662 1550 797 1614 solacio:
822 1553 856 1614 et
879 1546 1033 1631 quicquid
1057 1546 1198 1613 animum
1222 1548 1335 1633 erexit,

110 1652 203 1718 etiarn
228 1651 356 1738 corpori
380 1651 523 1737 prodest.

194 1761 231 1826 Τ.
255 1759 340 1828 Anu.
362 1759 423 1826 XV
439 1761 490 1827 61.
514 1761 549 1828 5:
575 1781 634 1827 nec
658 1760 721 1826 sibi
743 1767 925 1846 promptum
953 1761 986 1826 in
1014 1764 1215 1830 adulationes
1245 1761 1334 1845 inge·

107 1866 200 1936 nium.
224 1866 324 1951 idque
347 1866 427 1933 nulli
449 1867 555 1951 magis
579 1888 714 1952 gnarum
737 1888 834 1951 quam
856 1867 986 1953 Neroni,
1010 1869 1064 1952 qni
1085 1869 1217 1955 saepius
1236 1870 1331 1938 liber·

108 1978 197 2041 tutem
222 1975 370 2041 Senecae
393 1995 490 2058 quam
513 1977 680 2043 seruitium
704 1982 856 2060 expertus
879 1983 977 2044 esset.

196 2083 228 2148 S.
253 2081 296 2147 dc
319 2082 412 2150 clem.
436 2081 511 2149 112.
536 2086 572 2148 2:
598 2081 726 2148 Diutius
750 2103 800 2148 me
824 2083 980 2149 inmorari
1007 2081 1083 2148 hnic
1109 2089 1222 2168 patere
1250 2083 1333 2159 voci,

109 2208 168 2253 non
190 2195 226 2254 ut
248 2191 400 2258 blandam
425 2189 557 2256 auribus
581 2190 645 2257 tuis
668 2189 741 2272 (nee
765 2191 849 2256 enim
873 2190 926 2256 hic
949 2189 1027 2255 mibi
1050 2210 1120 2256 mos
1143 2198 1208 2274 est,
1232 2190 1332 2256 maln-

111 2294 184 2360 erim
206 2301 291 2366 aeria
314 2301 475 2383 offendere
499 2317 595 2382 quam
614 2301 741 2385 placere
764 2301 956 2375 adulando).

702 2464 740 2538 C.

267 2583 434 2665 Praecepta
458 2582 659 2665 philosophiae
683 2585 818 2650 lacaena
843 2601 861 2649 a
886 2583 992 2651 Tacito
1016 2583 1171 2665 usurpata.

193 2692 230 2757 Τ.
260 2691 339 2774 Agr.
364 2694 395 2760 3.
420 2692 454 2758 6:
484 2698 600 2757 natura
628 2696 735 2757 tamen
764 2694 966 2777 infirmitatis
994 2691 1155 2758 humanae
1182 2696 1331 2760 tardiora

111 2805 180 2862 arunt
202 2798 349 2865 remedia
373 2819 469 2883 quam
492 2800 595 2883 molo,·
620 2804 651 2865 et
675 2810 709 2867 ut
732 2821 870 2887 corpora
894 2810 1006 2868 aestro
1032 2804 1112 2868 lente
1142 2805 1330 2882 augescunt,

112 2903 169 2969 cito
193 2888 429 2991 extinguuntur,
453 2912 500 2975 sic
519 2904 651 2990 ingenia
666 2905 839 2991 studiaque
854 2908 1056 3000 oppresseris
1082 2906 1209 2972 facilius
1233 2927 1330 2990 qnam

110 3013 318 3081 revocaveris.

195 3120 225 3187 S.
250 3122 311 3207 Ep.
334 3124 386 3189 91.
403 3123 437 3188 6:
467 3119 629 3205 Quicquid
651 3119 750 3204 longa
774 3119 877 3187 series
900 3119 1009 3187 multis
1032 3119 1206 3205 laboribus,
1229 3121 1330 3187 multa

112 3224 201 3291 deum
232 3226 436 3312 indulgentia
474 3228 602 3312 struxit,
634 3226 669 3292 id
702 3247 784 3294 unus
817 3226 888 3293 dies
927 3227 1053 3313 spargit
1089 3248 1129 3294 ac
1172 3226 1327 3313 dissipat:

110 3330 235 3417 longam
259 3355 380 3399 moram
405 3334 494 3401 dedit
520 3338 616 3403 arctis
644 3334 900 3421 properantibus,
928 3336 983 3420 qni
1011 3335 1098 3403 diem
1125 3334 1221 3401 dixit:
1250 3336 1330 3401 bora

112 3450 362 3526 momentumque
385 3442 539 3528 temporis
564 3442 745 3508 evertendis
769 3442 914 3528 imperiis
938 3442 1065 3509 sufficit.
1088 3450 1176 3510 esset
1195 3442 1328 3527 aliquod

112 3549 324 3618 inbecillitatis
348 3557 478 3617 nostrae
502 3551 657 3618 solacium
682 3570 850 3634 rerumque
875 3556 1066 3636 nostrarum,
1094 3550 1122 3617 si
1146 3556 1213 3616 tam
1236 3556 1329 3620 tarde

112 3656 247 3737 perirent
271 3664 387 3723 cuneta
410 3679 507 3742 quam
530 3657 623 3723 finnt:
653 3677 736 3724 nunc
759 3658 957 3723 incrementa
980 3661 1061 3724 lente
1086 3663 1212 3742 exeunt,
1240 3657 1328 3723 iesti-

111 3768 201 3829 natur
222 3766 255 3830 in
279 3764 438 3830 damnum.
462 3802 505 3813 -
527 3765 633 3830 Etiam
658 3784 827 3851 corporum
850 3769 1029 3830 nostrorum
1053 3763 1328 3850 comparationem

112 3865 205 3937 babet
235 3872 270 3939 S.
302 3879 369 3939 nat.
402 3878 528 3956 quaest.
562 3872 608 3939 Vl
631 3876 660 3937 3.
688 3875 720 3939 l:
760 3870 954 3956 quibusdam
985 3871 1087 3957 vitiis,
1124 3883 1158 3940 ot
1190 3894 1327 3961 corpora

115 3988 229 4064 nostro,
262 3979 429 4044 turbantur
461 3987 516 4059 (sc.
549 3980 674 4046 caelum
706 3985 738 4045 et
765 3984 878 4061 terra);
907 3986 972 4043 nat.
1001 3986 1127 4063 quaest.
1151 3980 1199 4045 Ill
1216 3981 1266 4047 15.
1290 3982 1326 4045 4:

115 4092 144 4147 nt
166 4090 198 4153 in
222 4092 344 4155 nostris
367 4089 568 4174 corporibus,
595 4090 641 4154 ita
665 4086 699 4152 in
722 4086 779 4151 illa
804 4092 861 4166 (so.
891 4086 1019 4172 natura)
1049 4106 1150 4172 saepe
1178 4087 1328 4152 humores

114 4187 186 4256 vitia
201 4193 397 4280 concipiunt:
412 4200 478 4264 nat.
494 4200 618 4277 quaest.
633 4194 681 4259 lll
700 4195 771 4261 lbi
790 4201 822 4261 et
836 4196 873 4277 ὃς
897 4196 948 4261 30.
965 4196 1000 4278 43
1027 4195 1054 4260 V
1070 4196 1146 4276 423
1170 4192 1214 4259 Vl
1232 4194 1281 4259 14.
1296 4198 1326 4259 2.

195 4336 231 4405 Τ.
256 4336 363 4421 Agris.
386 4339 416 4405 3.
442 4339 477 4404 9:
503 4338 594 4404 subit
613 4336 732 4423 quippo
762 4336 858 4403 etiam
888 4337 992 4423 ipsius
1019 4337 1155 4402 inertiae
1183 4339 1327 4421 dulcedo,

116 4443 144 4502 et
166 4440 265 4511 inrisa
288 4444 391 4529 primo
416 4443 544 4512 desidia
566 4451 728 4531 postremo
753 4456 891 4513 umotrrr.

195 4550 227 4619 S.
251 4551 292 4619 de
315 4572 403 4637 pror.
427 4551 471 4617 lll
488 4554 542 4619 15:
566 4551 654 4620 Nihil
677 4552 828 4619 miserum
848 4559 908 4638 est,
927 4550 1013 4636 quod
1033 4551 1066 4615 in
1084 4557 1232 4616 naturam
1253 4569 1327 4617 ocn-

117 4657 240 4725 suctudo
263 4658 427 4745 perduxit:
446 4660 604 4746 paulatim
628 4660 712 4725 euim
735 4664 894 4747 voluptati
916 4667 1002 4743 sterit,
1021 4679 1105 4743 quae
1128 4658 1326 4726 necessitate
