3459 5200
944 340 986 405 m

357 551 438 615 Mur.
462 550 521 630 663
555 552 656 635 Opilii
671 550 850 618 'et'Rutilii
874 549 1016 615 forsitan
1039 568 1080 613 ex
1096 548 1248 613 Suetonii
1271 547 1313 614 de
1336 547 1395 613 vir.
1419 549 1464 613 ill.
1487 547 1573 613 libro

356 682 389 744 p.
415 664 504 741 105‚1
529 664 585 729 R.:
619 661 772 727 Aurelius
796 660 920 746 Opilius
933 657 1086 743 &urum
1108 657 1274 725 cuiusdam
1293 658 1424 725 libertus
1438 658 1574 743 phiaro-

354 772 465 857 plriam
488 772 604 857 primo,
638 773 751 839 deinde
779 772 976 851 rhetoricam,
1008 770 1176 837 maissime
1197 769 1438 857 prammaticam
1458 770 1573 837 decuit

357 883 487 951 elimasa
519 890 626 953 auten
657 885 759 953 seham
781 884 945 951 Rutilium
966 882 1093 966 Rufum
1120 884 1308 951 damnatum
1337 883 1376 949 in
1396 882 1508 949 Asiam
1528 904 1574 948 se·

356 972 450 1063 nutui
464 996 576 1063 ididem
590 998 754 1081 Zmyrnae
769 997 924 1080 simrdpue
937 996 1111 1063 conserant
1146 999 1265 1065 Cetera
1289 999 1442 1080 exempla
1457 998 1574 1063 dubito

356 1130 401 1175 an
424 1111 458 1175 in
482 1112 575 1176 tonte
598 1112 709 1195 aliquo
733 1112 886 1177 similiter
909 1114 1070 1193 congesta
1095 1111 1270 1176 invenerit.

356 1276 403 1323 or.
427 1258 468 1323 lll
491 1260 524 1323 7:
559 1276 669 1341 nnnpe
684 1254 873 1323 Fulvium
894 1254 1028 1321 notiam
1048 1260 1114 1321 tam
1134 1252 1227 1321 trude
1246 1274 1343 1338 quam
1363 1254 1493 1321 nemum
1513 1255 1574 1337 (sc.

420 1370 614 1455 Nobilioris)
643 1368 729 1435 inter
750 1368 875 1452 aperias
895 1376 1067 1450 cantusque
1088 1368 1241 1433 lituorum
1257 1370 1441 1452 praeceptor
1461 1365 1577 1432 Accius

417 1480 648 1564 frequentauit·
674 1480 914 1563 Africanum
938 1480 1029 1546 iilum
1050 1485 1137 1546 terra
1158 1480 1303 1562 memorre
1322 1480 1469 1545 uictorem
1490 1479 1573 1545 iecti-

418 1592 490 1659 ‹rnis
505 1592 665 1679 particeps
691 1598 721 1661 et
748 1592 862 1659 uara
884 1592 1063 1659 Panaetius
1088 1613 1156 1659 non
1182 1592 1326 1675 reliquata
1358 1615 1430 1658 eum
1460 1612 1576 1677 mnpno

365 1754 368 1763 .
419 1706 601 1773 Ameandro
621 1706 820 1773 mundanam
838 1726 942 1789 paeru
962 1704 1112 1772 mititiam
1133 1705 1391 1790 philosophorum
1411 1705 1577 1770 comitatus

420 1816 529 1904 caepit.

440 1933 493 1997 Ad
521 1933 659 1998 Accium
690 1934 861 1998 transtulit
886 1952 972 2016 quae
1000 1932 1042 1997 de
1064 1931 1176 1996 Ennio
1206 1934 1386 1996 narrantur
1411 1930 1574 1996 adductus

357 2064 471 2111 errore
498 2048 572 2110 'orto
603 2065 643 2111 ex
673 2046 739 2111 Cic.
761 2066 823 2128 pro
846 2045 948 2110 Arch.
971 2046 1023 2123 27,
1055 2044 1114 2109 ubi
1145 2044 1291 2126 primum
1320 2044 1573 2109 consuetudinis

355 2160 442 2223 inter
465 2157 606 2224 Brutum
629 2158 825 2237 eldenium,
851 2157 973 2223 deinde
996 2151 1234 2222 familiaritatis
1257 2158 1346 2221 inter
1367 2157 1519 2222 Fulvium
1541 2160 1575 2221 et

355 2270 501 2335 Ennium
532 2271 770 2336 intercedentis
799 2271 926 2335 mentio
954 2270 990 2333 fit
1013 2269 1068 2352 (ef.
1091 2269 1110 2351 ἕ
1131 2270 1176 2352 5).
1220 2269 1358 2334 Videtur
1378 2270 1575 2352 plerumque

355 2383 518 2461 memoria
539 2402 615 2447 esse
639 2383 796 2463 conlisae,
819 2403 905 2465 quae
928 2402 1004 2447 eum
1027 2381 1144 2446 fefellit
1167 2381 1269 2447 etiam
1290 2382 1337 2445 lx
1362 2383 1464 2466 liae.

356 2542 403 2587 or.
420 2521 485 2586 15:
508 2519 672 2585 nodamus
694 2516 835 2585 histomis
856 2517 984 2583 minora
1004 2517 1205 2599 iactantibus,
1227 2519 1308 2601 puae
1327 2516 1441 2601 serunt
1457 2517 1575 2584 Gaium

421 2631 591 2700 Marium
614 2653 760 2716 presuras
787 2631 852 2698 talu
876 2630 1028 2714 fortunae
1051 2629 1169 2696 adiectu
1194 2631 1329 2712 quodam
1354 2630 1476 2715 primia
1502 2651 1574 2696 eua-

419 2745 495 2812 sisse
520 2743 745 2812 reuerentiae*
768 2765 839 2810 erun
867 2743 1023 2823 semendis,
1055 2742 1222 2825 inmaimrt,
1254 2743 1348 2808 relius
1368 2743 1437 2809 eius
1457 2743 1496 2809 in
1516 2743 1574 2809 ad-

418 2879 509 2924 uersa
539 2857 672 2924 mutatis
698 2856 805 2923 uirum
832 2861 893 2922 toto
920 2856 991 2922 orde
1020 2855 1168 2920 uictorem
1195 2854 1439 2921 Minturnensis
1469 2877 1575 2923 carcer

419 2969 602 3050 includeret,
630 2968 827 3053 permansuris
848 2969 958 3048 utum,
977 2967 1047 3049 ⁴qui
1074 2966 1183 3033 irrasus
1204 2966 1383 3052 inuenerat,
1414 2967 1575 3033 maiestate

418 3081 592 3168 suspertdit,
624 3101 704 3164 meae
733 3080 762 3146 ei
788 3081 853 3147 sola
881 3079 1026 3146 restabat.
1070 3078 1156 3145 stetit
1178 3101 1240 3162 pro
1260 3099 1334 3146 sene
1354 3084 1443 3145 uetus
1461 3078 1574 3166 pieria,

419 3215 476 3260 nec
498 3193 598 3260 ualuit
620 3192 766 3277 carnifex
792 3194 885 3278 inpia
911 3213 1012 3260 nunu
1037 3191 1145 3276 ferire,
1178 3212 1269 3275 quens
1300 3213 1422 3259 maesse
1447 3192 1575 3258 ludebat

416 3327 592 3394 upnoscere.

441 3421 488 3486 ef.
512 3423 582 3488 Val.
604 3421 690 3485 Mar.
712 3420 740 3484 ΙΙ
764 3420 835 3497 10,6
861 3419 917 3500 (cl.
940 3417 958 3501 9
980 3417 1000 3481 5
1024 3421 1104 3482 sect.
1127 3416 1210 3500 XX).

354 3563 398 3628 IX
422 3562 530 3642 115,1:
552 3579 597 3625 an
619 3580 671 3646 epo
693 3558 780 3624 istud
793 3556 896 3640 feram
911 3556 1041 3635 moleste,
1064 3554 1120 3636 qui
1134 3553 1276 3618 neverim
1293 3553 1573 3619 Marcellorum

418 3676 673 3738 momumento
696 3670 819 3736 scritate
848 3668 943 3734 Verre
959 3672 1105 3752 prendre
1126 3670 1156 3730 et
1176 3664 1375 3732 Marianis
1402 3665 1575 3749 tropaeis

418 3804 619 3868 mariannam
640 3803 757 3848 nmnras
778 3780 906 3847 anuum
922 3777 1119 3864 pmmcisse?

439 3900 488 3964 De
516 3898 748 3963 Marcellorum
781 3895 1008 3960 monumentis
1043 3894 1083 3956 cl.
1108 3891 1175 3958 cic.
1199 3892 1233 3958 in
1257 3893 1349 3957 Verr.
1378 3893 1406 3957 ll
1427 3891 1467 3956 51
1501 3891 1574 3974 (ἕὸ

356 4019 436 4079 sect.
460 4013 569 4097 XVII).
614 4011 708 4076 Marii
732 4015 947 4091 tropaeorum
973 4007 1169 4084 dirutorum,
1206 4025 1291 4087 quae
1318 4006 1473 4070 restituta
1499 4023 1575 4068 esse

356 4125 535 4192 aCaesare
557 4123 664 4190 aedile
687 4123 790 4188 tradit
805 4123 891 4187 Plut.
908 4121 1002 4186 Caes.
1019 4119 1050 4192 a,
1072 4118 1199 4183 mentio
1223 4117 1367 4182 tortasse
1390 4117 1480 4182 lacta
1501 4118 1574 4181 erat

357 4241 445 4324 apud
468 4238 595 4304 Livium
619 4241 676 4302 aut
704 4237 739 4302 in
763 4234 913 4301 Sallustii
940 4232 1108 4308 historiis3
1142 4230 1208 4295 nisi
1237 4229 1324 4294 forte
1353 4229 1387 4293 id
1415 4229 1574 4309 spectavit

357 4353 493 4436 Syrum,
517 4350 606 4434 quod
623 4349 663 4414 de
679 4349 773 4414 lllarii
790 4346 977 4413 Gratidiani
1000 4344 1120 4410 statuis
1143 4347 1259 4408 narrat
1281 4342 1366 4407 Plin.
1382 4343 1414 4406 h.
1431 4363 1464 4408 n.
1480 4343 1573 4421 aaa?

355 4464 476 4552 auide
499 4463 594 4528 Marii
618 4461 752 4528 ossibus
776 4461 845 4524 Val.
869 4459 954 4524 Max,
976 4457 1021 4522 IX
1043 4457 1091 4537 e,1
1116 4455 1172 4540 (cl.
1194 4455 1213 4538 ἕ
1235 4455 1279 4540 5).

355 4623 403 4669 or.
426 4602 466 4667 lll
488 4603 523 4666 8:
551 4595 653 4664 sentio
673 4619 722 4664 me
743 4597 785 4663 ad
806 4595 946 4680 eaernplu
965 4598 1106 4659 ueterum
1127 4590 1304 4676 tempestiue
1324 4613 1387 4657 esse
1400 4591 1577 4675 dilapsum:

418 4713 489 4778 iure
510 4711 609 4798 igitur
631 4733 670 4776 car
690 4709 861 4777 annalium
882 4706 1032 4774 memoria
1054 4706 1215 4789 Pompei
1235 4705 1393 4790 ermerpado
1415 4723 1574 4787 responsa.
