3459 5200
1010 591 1051 654 96

446 797 621 879 rhythmos
641 797 804 878 ablegat0,
829 802 904 862 octo
926 802 1034 862 metra
1050 799 1279 881 principalia¹)
1303 799 1461 863 statuisse
1475 800 1626 882 putandi

445 899 522 978 sint,
547 919 586 964 ea
608 920 692 984 quae
709 900 869 965 Victorini
893 901 1003 966 verbis
1020 922 1052 983 p.
1068 900 1120 981 96,
1142 902 1182 966 14
1205 901 1442 983 ‚,(Paeonicum
1457 903 1625 979 metrum)

445 1001 579 1084 quidam
612 1003 729 1067 ultirno
769 1003 845 1066 loco
882 1009 1068 1086 posuerunt
1100 1004 1382 1087 proceleumatico
1417 1004 1624 1086 repudiato“

444 1104 641 1170 describitur
674 1110 858 1171 metrorum
886 1106 1123 1188 principalium
1153 1106 1322 1185 doctrina,
1350 1107 1625 1189 Hephaestionis

442 1208 580 1289 propria
595 1207 698 1272 luisse
715 1206 887 1290 videtur.²)
924 1207 1085 1273 Graviore
1108 1209 1261 1291 exemplo
1285 1229 1356 1274 rem
1379 1209 1625 1276 demonstrare

443 1329 511 1374 non
539 1331 688 1392 possum,
723 1331 808 1390 cum,
841 1312 898 1375 ubi
928 1313 1038 1395 aliqua
1067 1312 1118 1376 vel
1147 1311 1325 1377 enchiridii
1347 1313 1624 1396 Hephaestionei

443 1415 494 1477 vel
519 1415 725 1479 scholiorum
746 1415 834 1480 illius
856 1416 960 1480 verba
988 1437 1063 1481 cum
1084 1416 1259 1480 Victorino
1288 1417 1500 1499 conspirant,
1528 1418 1625 1480 utri-

443 1538 507 1600 que
540 1519 614 1582 loco
648 1519 820 1584 Heliodori
853 1522 957 1584 verba
992 1520 1132 1584 subesse
1161 1519 1315 1601 redargui
1346 1527 1497 1604 nequeat.
1542 1521 1626 1585 Sed

443 1621 581 1685 omnino
605 1642 658 1686 me
682 1622 789 1687 iudice
813 1623 948 1702 fallitur,
977 1623 1032 1705 qui
1061 1625 1176 1688 Iubam
1203 1623 1437 1688 tantummodo
1466 1625 1509 1688 ad
1536 1643 1626 1689 rer-

442 1712 521 1788 hum
544 1725 717 1790 Heliodori
739 1726 844 1790 libros
863 1726 1005 1792 vertisse
1024 1727 1200 1792 censuerit.
1237 1729 1282 1792 At
1303 1747 1387 1810 quae
1409 1727 1547 1790 tandem
1577 1728 1628 1791 de

441 1826 613 1891 Heliodori
635 1829 706 1911 περὶ
728 1824 901 1913 ποιήματος
930 1828 1084 1893 doctrina
1112 1829 1285 1911 explorata
1315 1833 1415 1894 sunt?
1462 1829 1626 1894 Hensius

443 1949 527 2008 curn,
544 1951 628 2014 quae
644 1930 804 2014 inpriore
820 1932 1063 1996 commentario
1080 1932 1354 2014 Hephaestioneo
1369 1953 1401 2014 p.
1417 1932 1628 1999 ill-Vlla

443 2035 605 2117 leguntur,
625 2054 660 2098 re
676 2053 755 2099 vera
770 2055 844 2099 esse
860 2034 1033 2099 Heliodori
1051 2034 1115 2115 sihi
1131 2035 1365 2116 persuasisset,
1381 2035 1470 2100 haud
1484 2039 1629 2101 temere

440 2137 659 2202 Heliodorum
684 2142 830 2202 ceterum
855 2157 987 2220 quoque
1013 2137 1083 2202 fere
1110 2139 1253 2202 eundem
1281 2139 1317 2202 in
1345 2139 1481 2203 modum
1508 2143 1627 2223 atque

440 2239 725 2322 Hephaestionem
755 2241 796 2304 de
824 2244 1018 2323 poematum
1052 2242 1230 2322 generibus
1265 2241 1422 2306 docuisse
1455 2241 1627 2322 coniecit,

441 2364 503 2408 nos
527 2344 593 2409 iam
616 2344 674 2409 illo
698 2344 821 2409 auxilio
849 2345 1001 2409 destituti
1030 2364 1156 2409 sumus.
1200 2345 1309 2427 Atque
1338 2344 1627 2428 quandoquidem

441 2467 567 2526 eornm,
590 2467 675 2530 quae
698 2447 786 2529 apud
809 2445 894 2512 alios
919 2448 1101 2529 scriptores
1123 2448 1252 2529 passim
1273 2447 1448 2512 Heliodori
1470 2451 1628 2514 nomine

441 2551 600 2634 insignita
634 2551 913 2617 circumferuntur
946 2549 1185 2635 fragmenta⁸),
1221 2551 1348 2617 nullum
1381 2551 1426 2617 ad
1452 2551 1538 2616 illud
1579 2555 1629 2619 de

440 2675 506 2737 quo
539 2655 646 2737 agitur
675 2659 908 2737 argumentum
941 2656 1104 2737 pertinet,
1139 2656 1168 2719 si
1196 2675 1217 2719 a
1245 2655 1346 2719 certis
1380 2654 1628 2723 fundamentis

438 2758 604 2839 proficisci
626 2758 789 2836 volumus,
813 2758 887 2823 sola
909 2758 1105 2823 colometria
1126 2758 1376 2841 Aristophanea
1399 2759 1554 2839 nitimur,
1584 2764 1626 2827 in

440 2881 504 2943 qua
528 2866 833 2926 commemorantur
861 2862 1047 2927 carminum
1075 2881 1199 2943 genera
1226 2863 1310 2927 haec
1336 2865 1481 2927 tantum:
1514 2884 1629 2947 μονο-

439 2962 592 3048 οτροφικοί
626 2964 744 3045 (schol.
778 2964 855 3030 Pac.
891 2965 962 3029 775.
993 2966 1052 3047 Eq.
1081 2966 1154 3029 973.
1185 2967 1277 3029 1111.
1327 2967 1409 3030 Ach.
1436 2966 1507 3029 904.
1535 2968 1629 3034 984.

438 3067 509 3132 836.
534 3068 619 3151 999),
641 3064 725 3150 τριὰς
748 3062 908 3152 μτσῳδικν)
936 3067 1055 3149 (schol.
1082 3069 1165 3131 Ach.
1187 3068 1280 3151 490),
1310 3068 1403 3153 μέλος
1429 3068 1630 3151 προῳδικόν

438 3170 555 3253 (schol.
572 3171 655 3235 Ach.
674 3169 779 3252 1143),
803 3168 933 3254 συζυγία
950 3170 1033 3234 κατὰ
1047 3168 1221 3254 περικοπὴν
1237 3167 1461 3256 ἀνομοιομερής
1483 3171 1631 3251 (schol.

437 3272 816 3355 maurinorum)
839 3273 892 3337 vel
914 3272 1043 3356 συζυγία
1067 3272 1295 3359 ἐπιρρηματικτ)
1318 3275 1437 3355 (schol.
1454 3272 1516 3356 Eq.
1538 3278 1633 3343 551.

440 3378 531 3441 1963.
554 3377 636 3441 Ach.
660 3376 745 3457 665).
791 3376 943 3458 Denique
966 3396 1005 3440 ea
1027 3396 1127 3459 quam
1149 3377 1354 3469 Hephaestio
1382 3398 1415 3461 p.
1436 3376 1551 3443 XXXI
1585 3386 1635 3447 15

439 3501 510 3562 sqq.
534 3480 711 3563 descripsit
734 3479 990 3562 compositionis
1013 3480 1122 3545 sonna
1144 3480 1179 3544 in
1202 3481 1307 3545 schol.
1330 3481 1408 3545 Pac.
1422 3480 1484 3544 939
1499 3481 1636 3565 signi·

437 3584 554 3648 ficetur
586 3584 697 3648 verbis
732 3580 839 3669 μέλος,
874 3579 891 3645 δ
926 3580 1048 3647 ὑπονοῶ
1082 3584 1138 3668 μὲν
1171 3584 1255 3668 ἔχειν
1283 3582 1317 3647 τὸ
1344 3581 1557 3667 ἀντίστροφον
1596 3590 1640 3654 ἐν

438 3686 565 3772 διεχείᾳ.
610 3688 701 3751 Haec
725 3706 823 3770 quam
846 3706 953 3767 pauca
975 3690 1075 3769 atque
1097 3685 1176 3751 vilia
1199 3686 1268 3750 sint
1290 3690 1348 3750 tuo
1372 3687 1443 3752 iure
1460 3688 1639 3771 mireris,

438 3808 513 3855 cum
533 3790 733 3873 praesertim
755 3792 887 3855 tantum
916 3809 985 3854 non
1015 3790 1166 3854 omnium
1194 3809 1354 3871 generum
1382 3790 1641 3872 Hephaestio-

438 3900 576 3959 neorum
601 3895 753 3976 exempla
775 3894 811 3957 in
834 3893 1050 3958 colometriae
1072 3893 1222 3976 reliquiis
1243 3913 1318 3957 esse
1335 3893 1499 3975 explicata
1517 3896 1644 3967 Hen-

438 3999 507 4062 sius
531 3997 603 4079 (HU
623 4019 656 4080 p.
682 3998 744 4061 134
766 3998 853 4079 sqq.)
883 3996 1173 4061 demonstraverit.
1223 3996 1316 4060 Idem
1346 4000 1437 4060 certa
1465 4002 1645 4071 nomina

443 4140 644 4149 ---—-——

525 4206 544 4265 ι1
562 4207 655 4259 Hense
672 4205 731 4260 Hel.
751 4206 812 4258 Unt.
832 4222 857 4273 p.
878 4206 928 4258 119
946 4222 1008 4274 sqq.

521 4293 543 4362 ’)
563 4294 596 4348 cl.
616 4294 698 4348 eliam
716 4294 784 4346 Vict.
802 4310 829 4361 p.
847 4293 890 4356 83,
909 4294 933 4346 9.
954 4294 995 4346 10.
1015 4292 1117 4347 19-99
1136 4299 1164 4345 et
1181 4308 1253 4361 quae
1266 4292 1321 4345 dixi
1336 4308 1363 4359 p.
1375 4292 1422 4355 68;
1440 4291 1513 4346 Vict.
1528 4310 1568 4362 p,
1586 4304 1648 4361 69,

437 4382 470 4435 16
492 4398 553 4451 sqq.
577 4387 605 4435 et
628 4381 714 4435 schol.
738 4381 827 4448 Heph.
851 4398 869 4432 α
892 4398 918 4449 p.
939 4381 989 4434 139
1013 4382 1048 4435 ad
1073 4398 1098 4449 p.
1123 4382 1165 4444 30,
1184 4380 1214 4443 3;
1243 4395 1343 4434 novem
1365 4384 1516 4447 prototypa
1544 4384 1648 4447 vict,

435 4488 461 4537 p.
480 4471 522 4533 87,
541 4469 573 4523 97
593 4486 662 4537 sqq..
682 4470 723 4532 98,
742 4469 784 4522 91.
805 4468 922 4531 161199.

523 4556 543 4623 3)
562 4556 622 4610 Keil
641 4562 747 4625 quaest.
770 4572 883 4623 gramm.
908 4556 991 4625 (Lips.
1013 4556 1088 4625 1860)
1113 4573 1139 4624 p.
1159 4554 1274 4618 19-14,
1296 4554 1440 4622 Westphal
1459 4553 1581 4617 Hetrik
1613 4570 1650 4623 1¹

435 4660 461 4711 p.
480 4644 530 4695 917
550 4659 620 4710 sqq,
639 4644 809 4696 Studemund
828 4642 879 4696 An.
898 4658 954 4695 var.
973 4643 985 4695 I
1004 4643 1060 4696 ind.
1079 4660 1101 4696 s.
1119 4659 1144 4696 ν.
1163 4640 1338 4695 Heliodorus.
