3459 5200
1000 594 1061 657 110

441 804 474 863 et
497 796 689 885 parabolani
711 799 813 864 addit.
858 800 967 883 Atque
991 799 1141 865 carmina
1168 795 1350 884 ἀμετάβολα
1380 818 1449 862 non
1477 798 1606 863 diversa

443 922 519 967 esse
542 921 562 967 a
584 904 749 985 poematis
775 899 858 966 κατὰ
886 901 993 988 στίχον
1021 902 1218 986 compositis
1253 905 1286 965 et
1313 921 1374 984 per
1402 922 1438 966 se
1466 921 1606 966 consen-

443 1010 581 1071 taneum
604 1011 655 1071 est
678 1011 711 1071 et
731 1005 947 1089 Aphthonius
970 1007 1042 1089 ipse
1063 1007 1253 1088 profitetur:
1282 1005 1432 1089 sequitur
1460 1011 1498 1070 ut
1521 1026 1607 1090 μετα-

441 1105 553 1195 polleat
575 1111 862 1192 comprehendant
885 1115 918 1174 et
934 1109 1148 1192 systematica
1163 1114 1197 1175 et
1212 1109 1326 1173 mixta.
1365 1109 1433 1175 Sed
1449 1109 1606 1192 inspicias

439 1214 539 1278 velim
571 1214 681 1279 locum
716 1214 759 1278 ad
792 1233 892 1297 quem
924 1213 1027 1277 verba
1060 1213 1105 1296 (p.
1133 1213 1249 1292 57,13
1280 1213 1343 1295 sq.)
1373 1213 1507 1295 „qualia
1535 1234 1607 1277 esse

439 1316 564 1398 tragica
587 1323 620 1382 et
643 1317 771 1382 comica
793 1317 892 1399 paulo
915 1321 995 1382 ante
1017 1316 1221 1382 memoravi“
1241 1335 1305 1380 nos
1321 1334 1479 1380 revocare
1493 1315 1608 1380 riden-

439 1424 502 1486 tur.
547 1420 616 1484 Illic
645 1422 689 1502 (p.
718 1421 934 1500 5Ο,10-32)
961 1419 1052 1485 enim
1082 1424 1238 1503 quattuor
1266 1422 1451 1484 metrorum
1478 1420 1606 1501 species
1687 1438 1688 1503 j

440 1523 686 1602 describuntur,
710 1543 850 1606 quarum
872 1525 983 1607 prima
1004 1523 1127 1589 dicitur
1149 1523 1253 1606 epira,
1276 1522 1382 1587 altera
1403 1521 1525 1587 melica
1541 1523 1607 1586 sire
1687 1538 1688 1599 γ

439 1627 550 1708 lyrica,
573 1627 672 1692 tertia
693 1627 829 1709 tragica,
853 1631 973 1710 quarta
995 1626 1137 1692 comica:
1161 1647 1245 1709 quas
1263 1630 1418 1690 accurate
1433 1626 1606 1708 amplexus
1687 1650 1688 1681 i

433 1730 475 1793 ‘iu
507 1736 699 1814 poematum
734 1731 909 1813 speciebus
950 1729 1197 1813 distinguendis
1237 1730 1384 1811 scriptor
1419 1730 1607 1810 exemplum
1687 1786 1688 1819 γ

440 1833 568 1915 profert
591 1835 777 1899 carminum
799 1831 884 1898 κατὰ
906 1831 1013 1919 στίχον
1041 1835 1093 1898 vel
1121 1829 1325 1918 ἀμεταβόλων
1352 1837 1519 1912 „metrum
1542 1833 1607 1914 epi-

440 1942 547 2016 cum“‚
582 1939 872 2022 systematicorum
900 1957 940 2002 ea
973 1958 1078 2020 „quae
1107 1936 1196 2019 apud
1229 1935 1350 2019 lyricos
1387 1935 1607 2013 invenimus‘,
1687 1990 1688 2035 γ

440 2039 653 2126 μεταβολικῶν
675 2045 782 2106 metra
805 2042 955 2123 „tragica
977 2045 1010 2106 et
1033 2042 1193 2106 comica“.
1230 2040 1393 2105 Consulto
1411 2039 1515 2121 igitur
1538 2039 1608 2102 sine
1687 2044 1688 2117 ξ

440 2145 541 2209 dubio
564 2166 596 2228 p.
619 2145 713 2224 57,l
744 2144 817 2208 sola
846 2144 997 2209 carmina
1023 2144 1141 2227 lyrica,
1169 2163 1201 2226 p.
1224 2143 1276 2222 57,
1304 2143 1342 2206 13
1377 2142 1451 2206 sola
1483 2143 1610 2224 tragica
1687 2166 1688 2229 l

439 2253 472 2311 et
495 2248 623 2312 comica
652 2248 823 2326 excitavit,
858 2267 934 2312 cum
967 2251 1161 2331 poematum
1194 2245 1324 2329 species
1353 2244 1397 2309 ad
1425 2249 1609 2309 metrorum
1687 2270 1688 2325 γ

440 2351 627 2433 specierum
649 2351 904 2416 similitudinem
920 2351 1068 2434 fingeret.
1101 2351 1214 2433 ltaque
1232 2349 1262 2413 si
1277 2368 1316 2413 ac
1329 2354 1442 2412 curate
1459 2349 1611 2413 scribere
1687 2346 1688 2351 ’

439 2454 615 2534 voluisset,
638 2450 831 2539 μεταβολυυά
855 2453 973 2518 eadem
1001 2473 1076 2518 esse
1098 2457 1198 2536 atque
1218 2452 1324 2516 mixta
1347 2452 1474 2517 diserte
1498 2451 1609 2516 dicere

440 2557 568 2623 debuit:
602 2577 804 2641 quamquam
827 2575 953 2623 nomen
981 2553 1173 2643 parabolani
1201 2557 1245 2621 ad
1272 2555 1387 2621 omnia
1415 2555 1509 2620 iuxta
1540 2575 1610 2621 car·

439 2661 541 2741 mina,
564 2682 647 2745 quae
671 2681 740 2725 uon
764 2665 842 2726 sunt
863 2658 947 2724 κατὰ
969 2659 1086 2745 στίχον,
1109 2658 1274 2742 quadrare
1302 2663 1404 2742 patet.
1450 2659 1610 2725 Carmina

439 2762 531 2849 μικταὶ
554 2766 606 2828 vel
628 2765 739 2847 potius
764 2763 856 2849 μικταὶ
879 2760 989 2848 γενικυί
1012 2762 1217 2845 Hephaestio
1241 2783 1317 2827 esse
1340 2762 1426 2826 dixit
1446 2762 1493 2843 (p.
1512 2761 1562 2825 IX
1577 2763 1609 2842 l)

438 2864 493 2944 τὰς
514 2866 688 2951 τραγῳδίας
711 2873 743 2932 et
764 2863 819 2943 τὰς
840 2865 977 2942 παλαιὰς
1005 2864 1180 2951 κωμῳδίας,
1208 2864 1384 2930 Menandri
1411 2868 1527 2930 autem
1556 2884 1610 2927 co-

440 2970 591 3035 moedias
614 2970 736 3035 mix-tas
760 2990 836 3035 esse
858 2966 942 3033 κατὰ
956 2968 1070 3053 ’στίχον
1092 2970 1137 3051 (p.
1152 2969 1196 3033 Xl
1211 2970 1255 3048 o).
1300 2969 1425 3034 Contra
1446 2967 1611 3032 Victorini

438 3079 555 3139 auctor
578 3073 619 3137 de
642 3072 808 3139 industria
831 3072 929 3138 docet
952 3071 1166 3158 parapotamia
1188 3092 1312 3137 nomen
1336 3090 1405 3135 non
1429 3070 1544 3135 solum
1569 3070 1612 3134 ad

440 3178 584 3261 reIIquas
618 3176 758 3255 fabulae,
793 3176 854 3241 sed
887 3176 989 3241 etiam
1021 3176 1064 3241 ad
1097 3176 1274 3240 Menandri
1303 3173 1497 3239 comoedias
1533 3194 1612 3256 per·

439 3281 556 3345 tinere.
612 3280 817 3345 Vocabulum
853 3280 1025 3362 „epodoe“
1059 3300 1091 3362 p.
1125 3280 1181 3357 57,
1215 3279 1234 3343 3
1267 3278 1500 3361 Aphthonium
1541 3296 1613 3341 nou

440 3404 536 3449 secus
560 3388 659 3466 atque
674 3404 706 3466 p.
722 3383 774 3462 59,
793 3384 841 3449 14.
857 3384 899 3448 23
922 3383 964 3448 ad
986 3383 1146 3447 universa
1168 3383 1318 3448 carmIna
1340 3380 1481 3464 apodica
1503 3386 1614 3445 rettu-

439 3486 519 3551 lisse
543 3487 618 3552 ideo
647 3486 823 3569 probabile
850 3488 896 3565 fit,
924 3486 1002 3570 quia
1029 3506 1147 3552 versus
1174 3485 1306 3568 apodici
1327 3485 1427 3567 paulo
1449 3490 1533 3566 post
1556 3504 1615 3549 ex·

439 3590 615 3674 plicantur.
661 3590 815 3673 Syzygias
838 3590 1006 3682 (p.157‚4)
1029 3610 1099 3653 non
1120 3588 1282 3671 appellari
1303 3588 1462 3654 binorum
1483 3587 1613 3669 pedum

439 3693 691 3776 coniugationes
716 3693 931 3775 inpromptu
957 3697 1018 3757 est.
1068 3693 1173 3757 lmmo
1202 3692 1413 3757 illustrantur
1440 3690 1499 3756 illa
1528 3710 1614 3755 voce

440 3799 541 3863 verba
563 3818 595 3880 p.
612 3797 663 3875 57,
680 3798 699 3861 I
721 3817 770 3879 sq.
794 3817 901 3880 „quae
917 3796 1124 3879 expluribus
1141 3797 1257 3861 metris
1340 3795 1614 3866 continentur‘¹l

440 3906 472 3965 et
496 3900 679 3983 explicatur
702 3904 828 3964 certum
851 3900 933 3965 artis
956 3900 1155 3965 vocabulum
1177 3894 1394 3984 ωστηματικαὶ
1415 3918 1486 3962 non
1510 3918 1616 3963 secus

439 4008 539 4088 atque
561 4003 650 4085 apud
672 4002 959 4086 Hephaestionem
980 4024 1013 4086 p.
1035 4003 1103 4068 VIII
1125 4004 1140 4068 1
1165 4000 1309 4089 σύστημα
1331 4002 1493 4068 vocabulo
1519 4023 1616 4065 συνα·

438 4102 538 4192 γωγή.
582 4107 650 4171 Iam
674 4108 797 4173 Caesar
820 4107 952 4174 monuit
974 4108 1063 4190 apud
1091 4107 1310 4172 Heliodorum
1339 4107 1481 4172 alteram
1509 4126 1617 4189 para-

438 4210 560 4275 baseos
576 4215 706 4291 partem
723 4210 834 4275 vocari
851 4209 997 4294 συζυγίαν
1013 4206 1266 4296 ἐπιρρηματικήν,
1291 4210 1350 4275 sed
1369 4209 1471 4275 etiam
1486 4210 1616 4275 melius

527 4538 547 4609 ¹)
566 4539 599 4592 cf.
618 4538 707 4607 Heph.
731 4556 756 4606 p.
775 4538 812 4591 III
837 4540 869 4592 ll
893 4539 1074 4607 συστηματικά
1096 4542 1125 4591 δὲ
1143 4538 1195 4593 ὅσα
1217 4536 1268 4591 u‘no'
1293 4537 1420 4591 alardum
1444 4542 1548 4605 μέτρων
1572 4541 1615 4599 εἰς

438 4627 466 4678 ἓν
484 4628 559 4693 σῶμα
578 4628 621 4695 (²
641 4631 677 4689 εἰς
696 4626 828 4697 συζυγίαν)
846 4630 1077 4697 παραληφθέντων
1095 4670 1100 4681 .
1121 4665 1127 4677 .
1148 4666 1153 4675 .
1172 4626 1378 4695 συμπληροῡται.
