3459 5200
921 583 1119 685 Q

379 810 384 819 '
438 801 548 862 certas
581 796 708 861 classes
737 794 938 860 distribuere
968 795 1158 874 studerent,
1192 795 1293 861 etiam
1328 793 1468 861 nomina
1500 792 1610 881 σχὲσιν
1700 840 1701 849 .

434 896 513 985 πρός
543 922 572 964 τι
605 898 766 965 habentia
799 902 833 962 et
865 894 1098 985 ἀπολελυμένα,
1131 899 1432 982 Peripateticorum
1461 900 1610 965 fortasse

434 1009 614 1087 praecepta
635 1002 820 1086 ampleri¹)‚
845 1002 1086 1068 distinxerunt:
1115 1003 1205 1068 unde
1232 1007 1354 1086 postea
1378 1006 1417 1068 ut
1442 1004 1611 1069 nonnulla
1700 988 1701 1047 Ῑ

434 1108 500 1173 alia
535 1108 582 1173 ita
614 1109 699 1173 haec
733 1127 864 1190 quoque
900 1106 1020 1172 divisio
1054 1108 1090 1172 in
1117 1110 1224 1171 artem
1252 1107 1428 1173 metricam
1462 1107 1611 1172 transiit.
1700 1104 1701 1109 ’

434 1211 536 1276 Plura
558 1210 600 1275 de
622 1209 925 1276 Alexandrinorum
948 1215 1006 1275 aut
1027 1211 1314 1292 Pergamenorum
1341 1211 1414 1292 περὶ
1434 1205 1612 1294 ποιήματος
1700 1246 1701 1303 3

434 1314 605 1393 doctrina,
634 1314 701 1380 nisi
729 1315 805 1399 quis
828 1315 931 1379 meris
955 1314 1157 1380 coniecturis
1187 1313 1286 1379 inniti
1319 1314 1414 1391 velit,
1448 1314 1610 1379 affirmari

435 1423 616 1502 nequeunt.
666 1418 777 1483 Unum
804 1418 951 1483 fortasse
979 1422 1075 1483 vetus
1110 1417 1265 1483 scholion
1299 1417 1355 1499 (ad
1386 1416 1489 1482 Arist
1525 1416 1611 1482 Nub.
1700 1450 1701 1475 ι

434 1522 511 1605 518)
534 1522 600 1586 huc
623 1520 836 1587 referendum
862 1525 923 1599 est,
954 1522 988 1585 in
1013 1542 1079 1605 quo
1101 1524 1162 1585 τῶν
1184 1518 1264 1585 ἑπτὰ
1285 1518 1375 1585 εἰδῶν
1402 1520 1612 1602 parabaseos

436 1625 502 1690 tria
524 1625 681 1690 dicuntur
702 1617 799 1707 ἁπλᾶ,
822 1624 905 1688 κατὰ
929 1624 963 1688 δὲ
986 1623 1093 1709 σχέσιν
1115 1622 1293 1708 occuper)

434 1779 437 1783 ·
522 1744 605 1825 Quis
627 1747 756 1829 primus
780 1746 935 1811 doctrina
960 1746 1030 1830 περὶ
1050 1741 1225 1831 ποιήματος
1253 1746 1406 1829 quintam
1433 1746 1518 1810 artis
1541 1766 1614 1810 me·

431 1850 535 1916 tricae
557 1854 687 1933 partem
710 1849 794 1913 effici
817 1849 970 1915 docuerit
992 1850 1173 1915 nescimus.
1213 1850 1263 1914 Er
1286 1850 1334 1914 eis
1357 1868 1443 1932 quae
1459 1853 1608 1913 aetatem

427 1954 575 2019 tulerunt
602 1952 893 2031 enarrationibus
922 1952 950 2017 si
973 1974 994 2018 a
1022 1954 1177 2036 perbrevi
1205 1953 1391 2019 carminum
1417 1957 1613 2018 monostro·

430 2058 576 2140 phorum
610 2056 832 2139 explicatione
866 2076 951 2139 quae
988 2058 1077 2140 apud
1111 2057 1267 2123 Caesium
1307 2056 1456 2122 Bassum
1490 2056 1614 2139 legitur

432 2161 624 2239 recesseris
653 2160 697 2226 ad
723 2160 974 2226 vetustissimos
1005 2160 1115 2226 fontes
1144 2160 1285 2226 redeunt
1312 2160 1473 2225 Aristidis
1502 2160 1608 2239 Quin·

430 2264 538 2331 tiliani
561 2269 749 2347 praecepta.
793 2266 877 2330 Arta
899 2266 987 2330 inter
1011 2284 1046 2330 se
1075 2266 1274 2347 cognatione
1298 2266 1515 2330 continentur
1536 2265 1604 2330 He·

430 2368 640 2451 phaestionis
664 2374 697 2433 et
718 2369 882 2433 Victorini
910 2369 1144 2434 enarrationes
1172 2369 1278 2434 altero
1306 2388 1338 2451 p.
1368 2368 1445 2433 Chr.
1473 2388 1506 2433 n.
1531 2388 1603 2434 sae·

433 2474 506 2538 culo
530 2472 752 2554 conscriptae.
789 2472 1065 2537 ARomanorum
1082 2470 1286 2537 carminibus
1306 2488 1381 2535 cum
1404 2471 1604 2537 abhorreret.

430 2576 487 2642 illa
510 2576 695 2642 carminum
718 2574 849 2655 divisio,
872 2596 893 2641 a
914 2575 1052 2660 reliquis
1075 2575 1224 2641 metricis
1247 2575 1362 2641 latinis
1377 2594 1519 2658 prorsus
1542 2578 1602 2642 ab·
1700 2607 1701 2620 ι

432 2681 517 2746 lecta
551 2684 611 2747 est.
665 2680 780 2764 Neque
813 2681 849 2744 in
878 2679 1139 2764 Byzantinorum
1167 2679 1366 2746 tractatibus
1397 2700 1603 2746 commemo·
1700 2727 1701 2740 .

431 2787 525 2848 ratur
561 2802 669 2865 neque
707 2783 964 2848 Choeroboscus
1003 2783 1126 2847 librum
1163 2782 1255 2847 illum
1291 2782 1601 2866 Hephaestioneum

430 2887 501 2970 περὶ
523 2882 695 2971 ποιήματος
717 2885 926 2967 inscriptum,
951 2905 1050 2968 quem
1074 2904 1206 2967 semper
1227 2905 1295 2951 una
1318 2905 1393 2950 curn
1412 2887 1602 2953 enchiridio

429 2991 500 3074 περὶ
522 2987 640 3076 μέτρων
668 3009 729 3054 sua
762 2988 868 3071 ipsius
903 2992 1011 3054 aetate
1040 2987 1271 3054 circumlatum
1299 3009 1375 3055 esse
1398 2995 1600 3068 auctorest,

430 3093 464 3157 in
489 3093 614 3159 scholis
637 3093 877 3176 interpretatus
901 3112 976 3157 esse
999 3092 1138 3158 videtur.
1183 3092 1432 3159 Tantummodo
1463 3094 1505 3159 de
1528 3115 1601 3160 car·

430 3196 577 3262 minibus
601 3195 751 3278 epodicis
773 3214 882 3278 pauca
903 3200 1081 3278 praecepta
1103 3215 1123 3260 a
1146 3195 1284 3262 Claudio
1303 3197 1498 3264 Ptolemaeo
1521 3219 1601 3282 pro·
1700 3199 1701 3294 l

429 3300 542 3382 posita
577 3300 667 3384 apud
701 3299 908 3382 posteriores
947 3319 1016 3364 non
1054 3318 1129 3364 raro
1168 3299 1474 3383 deprehenduntur.
1533 3303 1601 3368 Sed
1700 3303 1701 3348 l

429 3403 565 3469 lsaacus
589 3403 724 3468 demum
747 3405 887 3469 Tzetzas
916 3407 1106 3470 accuratam
1136 3404 1177 3468 de
1207 3404 1393 3470 carminum
1420 3407 1600 3488 generibus

431 3508 750 3572 commentationem
788 3528 828 3572 ex
860 3507 1123 3590 Hephaestionis
1159 3509 1410 3574 commentariis
1444 3510 1600 3576 scholiis·

430 3631 493 3694 que
517 3612 637 3695 quibus
660 3611 708 3677 illi
731 3611 887 3677 instructi
910 3615 989 3676 sunt
1011 3612 1214 3694 exscriptam
1238 3612 1423 3678 carminum
1445 3612 1599 3678 Pindari·

430 3734 545 3780 corum
568 3714 836 3799 interpretationi
865 3715 1146 3798 praemittendam
1176 3735 1251 3781 esse
1279 3716 1410 3781 censuit
1437 3735 1502 3781 nec
1530 3736 1599 3781 non

429 3819 518 3883 illius
551 3819 655 3884 frater
689 3819 867 3884 occasione
902 3818 980 3883 data
1006 3819 1094 3883 hano
1124 3837 1196 3883 rem
1220 3818 1427 3901 perstrinxit.
1472 3819 1598 3884 Partim

430 3943 471 3989 ex
492 3922 667 3989 Heliodori
691 3923 887 3989 colometria
909 3922 1033 4007 partim
1061 3943 1101 3988 ex
1131 3923 1237 3988 altero
1268 3923 1510 3988 commentario
1532 3921 1599 3987 He·

518 4192 538 4263 ¹)
556 4196 591 4249 cf.
609 4209 682 4263 quae
704 4193 822 4250 disserui
845 4212 871 4263 p.
897 4194 932 4248 94
955 4197 983 4248 et
1007 4194 1081 4248 Sext.
1103 4191 1204 4263 Empir.
1229 4191 1290 4248 adv.
1314 4193 1399 4248 math.
1425 4193 1449 4247 X
1473 4192 1524 4247 263
1546 4207 1598 4260 sq..

430 4297 485 4351 quo
505 4283 539 4335 de
558 4282 621 4336 loco
640 4282 790 4350 disputarit
813 4281 996 4336 Steinthalius
1021 4282 1039 4336 l.
1059 4298 1081 4334 c.
1105 4299 1131 4350 p.
1150 4281 1202 4335 3e8
1224 4297 1266 4350 sq.
1290 4283 1410 4348 Σχέσεως
1435 4286 1462 4334 οι
1488 4280 1517 4334 in
1539 4285 1598 4332 arte

430 4370 609 4437 grammatica
627 4375 655 4424 et
673 4371 701 4423 in
719 4369 858 4424 rhetorica
876 4386 932 4424 non
951 4385 1013 4424 raro
1032 4369 1103 4423 ratio
1122 4367 1241 4423 habetur
1258 4367 1302 4438 (cl.
1316 4385 1339 4423 a.
1353 4385 1377 4436 g.
1396 4367 1468 4422 Plot.
1487 4367 1598 4422 Sacerd.

430 4475 455 4524 p.
473 4456 533 4520 lna,
552 4457 604 4526 95),
623 4459 653 4511 in
669 4457 792 4523 metrica,
810 4462 841 4511 ut
858 4457 964 4511 leviora
982 4456 1116 4521 omittam,
1139 4459 1227 4524 σχέσιν
1250 4455 1378 4524 τακτικήν
1401 4459 1598 4510 commemorat

430 4544 566 4599 Choerob.
584 4562 610 4613 p.
629 4545 671 4606 64,
693 4545 725 4597 10
743 4561 785 4613 sq.

517 4649 539 4717 ¹)
557 4647 596 4700 Ex
615 4649 676 4716 ipso
694 4648 901 4716 Hephaestione
921 4648 1074 4701 derivatum
1095 4652 1135 4700 est
1155 4647 1241 4701 schol.
1260 4647 1341 4702 Arist.
1360 4647 1442 4716 Vesp.
1464 4649 1537 4702 1441.
