3459 5200
994 561 1034 624 78

434 769 599 852 strophis!
650 768 769 832 Nonne
804 767 1088 849 deprehendimus
1117 765 1299 845 hominem,
1328 765 1394 849 qui,
1422 763 1600 831 dummodo

433 873 570 937 schema
603 871 748 935 efficeret
772 889 870 953 quam
901 869 1202 952 simplicissimum,
1239 874 1433 951 poematum
1467 873 1601 934 naturae

432 975 499 1039 vim
524 975 687 1039 adhibere
711 995 779 1038 non
803 973 1028 1038 dubitaverit?
1077 973 1168 1037 Idem
1197 972 1377 1037 consilium
1403 974 1602 1055 perspicitur

434 1079 469 1142 in
494 1078 699 1143 carminibus
721 1073 805 1140 κατὰ
827 1075 934 1160 στίχον
956 1081 989 1141 et
1012 1073 1095 1139 κατὰ
1114 1074 1258 1160 σύστημα
1280 1076 1369 1141 inter
1387 1096 1424 1140 se
1440 1077 1601 1159 oppositis

434 1201 614 1264 eorumque
649 1179 882 1246 divisionibus.
933 1179 1143 1263 Quamquam
1173 1181 1263 1244 enim
1291 1180 1498 1262 Hephaestio
1533 1181 1603 1244 sola

435 1285 584 1350 carmina
610 1280 824 1368 συστηματικοί
854 1281 889 1346 in
919 1282 1069 1347 carmina
1091 1279 1175 1346 κατὰ
1197 1281 1304 1367 σχέσιν
1326 1288 1359 1347 et
1387 1273 1603 1366 ἀπολελυμένα

434 1387 618 1469 distinguit,
641 1387 731 1450 idem
754 1387 789 1450 in
811 1387 1017 1467 parabaseos
1040 1385 1269 1467 descriptione
1297 1385 1404 1470 σχέσιν
1433 1386 1537 1451 etiam
1562 1387 1603 1450 ad

435 1492 586 1556 carmina
618 1487 701 1553 κατὰ
735 1487 841 1573 στίχον
873 1489 1044 1571 pertinere
1073 1489 1286 1572 significarit,
1322 1509 1398 1553 cum
1426 1489 1605 1571 parabasin

434 1594 569 1677 proprio
593 1582 717 1657 dictam
740 1591 827 1655 inter
850 1587 1070 1677 ἀπολελυμένα
1085 1593 1260 1674 reciperet,
1284 1592 1442 1677 ἐπίρρημα
1465 1597 1500 1657 et
1521 1589 1604 1655 ἀντε-

433 1696 574 1782 πίρρημα
602 1697 690 1760 inter
724 1695 873 1759 carmina
905 1692 989 1758 κατὰ
1024 1694 1131 1780 σχέσιν
1164 1695 1362 1778 composita.
1413 1697 1545 1761 Tamen
1574 1699 1605 1758 et

435 1801 517 1864 haec
541 1805 572 1864 et
597 1800 653 1864 illa
675 1796 759 1861 κατὰ
781 1796 888 1882 στίχον
911 1798 1115 1879 digeruntur.

519 1919 590 1984 Τῶν
604 1924 840 2004 συστηματικῶν
860 1937 936 1983 curn
955 1919 1022 1984 alia
1038 1924 1201 1985 vocentur
1221 1919 1305 1983 κατὰ
1323 1917 1430 2004 σχέσιν
1448 1921 1514 1985 alia
1529 1916 1605 1983 ἄπο

434 2022 587 2109 λελυμένα
606 2041 652 2086 sc.
671 2013 733 2085 ἀπὸ
751 2019 807 2104 τῆς
823 2020 964 2105 σχέσεως
985 2027 1123 2104 apparet
1146 2022 1269 2087 debere
1287 2023 1371 2087 haec
1394 2023 1460 2087 duo
1483 2043 1605 2106 genera

436 2125 612 2209 complecti
635 2124 749 2189 onmia
772 2125 922 2190 carmina
938 2125 1161 2207 systematica
1183 2126 1455 2210 quandoquidem
1471 2127 1508 2190 in
1520 2146 1606 2190 uno-

435 2250 566 2314 quoque
590 2229 737 2293 carmine
760 2225 866 2312 σχέσις
889 2233 945 2293 aut
968 2229 1147 2293 observata
1169 2233 1221 2294 est
1243 2234 1300 2293 aut
1324 2249 1392 2294 non
1416 2231 1608 2294 observata.

436 2334 533 2412 Quod
567 2352 642 2398 cum
676 2331 890 2414 cognovisset
923 2331 1151 2415 Westphalius
1192 2337 1282 2398 recte
1315 2332 1447 2418 μετρικοὶ
1484 2331 1608 2396 ἄτακτα

436 2435 633 2501 subicienda
656 2455 731 2500 esse
755 2435 885 2500 censuit
907 2443 969 2512 τοῖς
992 2433 1242 2520 ἀπολελυμένας,
1265 2437 1416 2502 carmina
1439 2435 1471 2514 ἐξ
1494 2433 1609 2521 ὁμοίων

436 2561 476 2605 ex
500 2542 595 2623 parte
618 2547 681 2615 τοῖς
703 2535 952 2625 ἀπολελυμένας,
982 2559 1022 2604 ex
1045 2545 1140 2623 parte
1162 2547 1225 2617 τοῖς
1251 2539 1335 2604 κατοὶ
1369 2539 1476 2626 σχέσιν
1509 2541 1608 2623 (Allg.

434 2646 528 2708 Metr.
552 2642 828 2725 eurupam).
873 2644 917 2706 At
947 2644 1117 2725 quaeritur
1145 2644 1315 2728 quomodo
1343 2644 1467 2709 factum
1495 2644 1551 2718 sit,
1573 2650 1610 2707 ut

436 2748 501 2810 duo
536 2748 593 2810 illa
626 2765 749 2827 genera
783 2746 901 2811 eodem
930 2748 1004 2811 loco
1034 2752 1133 2829 atque
1162 2748 1314 2812 carmina
1339 2747 1423 2810 κατὰ
1445 2746 1555 2831 σχέσιν
1577 2750 1610 2810 et

437 2843 655 2933 ἀπολελυμένα
684 2850 900 2914 collocentur.
948 2850 986 2913 ln
1015 2858 1167 2936 μετρικσῖς
1194 2844 1339 2927 ἀτάκτοις
1367 2851 1610 2916 consociantur

436 2954 479 3018 ad
501 2953 675 3018 libidinem
698 2957 767 3017 tres
791 2953 841 3018 vel
866 2954 1011 3018 fortasse
1034 2958 1191 3037 quattuor
1214 2954 1424 3020 diversorum
1445 2972 1608 3037 generum

436 3074 563 3133 versus
586 3057 676 3121 velut
704 3057 739 3119 in
768 3056 953 3121 Simonidis
983 3058 1263 3141 epigrammate,¹)
1291 3063 1350 3123 aut
1377 3058 1611 3122 admiscentur

437 3159 606 3225 continuis
629 3160 728 3224 unius
751 3160 883 3241 generis
906 3160 1058 3225 versibus
1073 3181 1190 3226 versus
1207 3161 1344 3226 alterius
1361 3162 1505 3244 generis,
1530 3181 1611 3244 spa·

437 3265 491 3328 tiis
516 3262 700 3328 interiectis
724 3262 825 3326 modo
848 3262 1058 3327 brevioribus
1082 3264 1183 3328 modo
1212 3264 1431 3347 longioribus,
1459 3263 1551 3328 velut
1573 3264 1611 3327 in

437 3367 585 3449 Margita.
630 3366 830 3431 Huiusmodi
854 3366 1006 3429 carmina
1029 3384 1103 3430 cum
1126 3364 1209 3429 κατὰ
1231 3365 1338 3451 στίχον
1366 3366 1513 3431 dimetiri
1537 3386 1610 3431 non

436 3474 562 3552 posset,
586 3466 790 3550 Hephaestio
815 3469 1037 3549 systematicis
1062 3469 1244 3547 subiunxit,
1273 3469 1336 3533 etsi
1365 3488 1435 3533 non
1466 3490 1544 3534 esse
1574 3471 1612 3533 in

437 3574 485 3637 eis
520 3576 610 3636 certa
643 3575 825 3654 systemata
859 3570 1082 3636 distribuendi
1117 3573 1212 3656 quasi
1246 3572 1449 3654 principium
1480 3574 1611 3637 consti-

436 3676 564 3741 tuentia
587 3675 758 3739 neminem
780 3674 951 3757 praeterit.
990 3676 1154 3757 Strophas
1170 3695 1249 3739 vero
1271 3676 1305 3740 in
1326 3676 1376 3740 eis
1399 3674 1613 3757 distinguere

436 3780 508 3844 iure.
541 3778 658 3843 noluit.
713 3779 743 3841 A
795 3776 885 3841 enim
918 3778 978 3841 τῶν
1012 3769 1250 3864 ἀπολελυμένων
1284 3781 1348 3843 tria
1385 3783 1614 3843 secernuntur

437 3882 569 3965 genera.
613 3882 679 3946 Aut
702 3883 771 3945 tam
794 3900 897 3963 parva
921 3885 998 3945 sunt
1021 3882 1172 3947 carmina
1193 3888 1230 3948 ut
1254 3883 1429 3966 stropham
1451 3902 1522 3947 non
1546 3884 1614 3946 im·

436 3988 551 4069 pleant
573 3983 752 4069 (ἄστροφα),
776 3989 833 4049 aut
856 3986 1146 4067 comprehendunt
1162 3986 1215 4050 vel
1230 4006 1334 4052 unam
1347 3987 1400 4050 vel
1416 3986 1614 4068 complures

438 4162 639 4171 ...ψη-

526 4263 544 4333 ι)
573 4262 606 4318 ci.
630 4260 729 4316 Critiae
757 4278 868 4315 carmen
895 4262 968 4331 apud
991 4262 1081 4331 Heph.
1100 4278 1125 4330 p.
1147 4261 1187 4322 11.
1206 4262 1222 4314 9
1241 4276 1317 4329 sqq.;
1340 4258 1489 4315 Simonidis
1508 4262 1617 4329 fragm.

438 4350 488 4405 195
506 4352 534 4404 iu
552 4350 649 4418 Bergk.
668 4348 736 4402 PLG
755 4350 818 4403 111⁴.
857 4348 993 4403 Omnibus
1016 4350 1059 4402 his
1083 4348 1153 4402 locis
1177 4348 1212 4401 ad
1235 4352 1324 4401 metra
1346 4348 1479 4402 varianda
1501 4348 1615 4416 aliquid

438 4438 536 4490 saltem
550 4436 695 4490 valuerunt
708 4436 820 4490 nomina
832 4437 951 4505 propria.
988 4436 1113 4490 Indidem
1131 4436 1304 4505 potissimum
1324 4436 1515 4504 explicandum
1534 4436 1616 4489 tide·

438 4530 489 4586 tur,
509 4526 584 4593 quod
603 4524 701 4578 similis
720 4524 828 4591 generis
847 4524 974 4592 exempla
993 4540 1049 4577 nou
1067 4540 1130 4577 rara
1148 4528 1212 4577 suut
1231 4524 1257 4576 in
1277 4523 1483 4593 epigrammatis
1501 4524 1615 4590 graecis

438 4611 598 4665 aKaibelio
617 4612 717 4682 (Berol.
739 4612 815 4682 1878)
835 4611 967 4665 collectis.
