3459 5200
807 415 830 480 h

708 505 921 518 -q-—u———n

201 608 361 676 vocalium
395 610 515 696 sidens,
552 630 637 695 quae
674 617 890 697 agnoverunt,
927 607 1118 694 indiderint,
1157 613 1326 695 nooeptnm
1362 627 1428 675 non

202 715 368 787 hebemus.

289 844 520 912 Aristotelis
542 851 667 931 estete,
695 864 761 929 qne
782 845 848 910 iem
878 843 1020 930 inerunt,
1048 842 1104 927 qui
1131 849 1235 909 artem
1260 840 1430 908 metrioam

201 952 244 1018 uh
267 957 338 1020 erte
361 951 541 1038 rhythmion
564 952 742 1020 seiunotum
766 950 963 1037 dooerent,¹)
987 950 1028 1018 de
1052 949 1211 1018 eiusmodi
1232 947 1428 1034 quaestioni-

202 1058 263 1126 bus
285 1058 318 1126 in
341 1060 422 1146 ipsis
446 1058 565 1128 soholis
588 1059 731 1127 metricis
752 1057 953 1146 disputatum
968 1064 1033 1142 σοις
1057 1058 1097 1125 of.
1110 1057 1297 1125 Aristotelis
1311 1055 1426 1123 lihrum

200 1171 265 1253 περὶ
294 1181 451 1257 ποιητικῆς
477 1189 510 1254 p.
535 1167 648 1236 leuen
671 1171 713 1234 31
740 1176 836 1234 ταῦτα
863 1168 897 1232 δὲ
922 1169 981 1252 (so
1011 1169 1052 1233 τὰ
1077 1177 1132 1254 της
1153 1176 1255 1254 φωνης
1277 1169 1352 1253 μέρη
1375 1163 1428 1230 uel

201 1287 335 1365 στοιχεῖα
361 1277 381 1343 i.
405 1297 430 1344 e
460 1283 625 1368 φωνήεντα,
653 1273 793 1366 ἡμίφωνα
818 1281 872 1343 καὶ
898 1273 1019 1366 ἄφωνα)
1051 1275 1182 1366 διαφέρει
1212 1278 1365 1363 σχήμασιν
1394 1295 1430 1340 τε
1466 1355 1474 1369 β

200 1391 255 1448 τοῦ
277 1389 425 1472 στόματος
447 1388 500 1451 οιαὶ
522 1389 640 1468 τόποις,
668 1388 721 1450 παὶ
748 1385 890 1473 δασὺτητι
916 1388 970 1450 tuni
997 1387 1139 1472 ψιλότητι,
1166 1388 1219 1450 οιαὶ
1243 1385 1429 1470 ptinerent

203 1491 414 1578 βραχὺτητι,
438 1490 481 1558 ἔτι
504 1493 536 1556 δὲ
557 1489 679 1579 dhisum
702 1495 755 1558 καὶ
778 1493 922 1579 paphu-pu
943 1495 996 1557 soi
1018 1503 1060 1577 τῷ
1082 1496 1180 1578 μέσφ’
1203 1494 1269 1576 περὶ
1290 1487 1333 1555 ὧν
1353 1488 1429 1557 καθ’

201 1595 329 1664 ἕκαστον
352 1597 484 1673 ἐντοῖς
506 1610 694 1687 μστριτιοῐς
715 1604 861 1687 προσηαοι
883 1597 1036 1685 dempsisti
1052 1595 1431 1683 otlihrumutpitdosll

202 1726 234 1792 p.
258 1707 350 1774 66οω
374 1707 393 1774 'i
420 1706 511 1782 ποίοις
533 1707 683 1774 δὲταῦτα
711 1706 745 1790 (i.
766 1726 793 1774 e.
814 1710 853 1774 uui
876 1703 1055 1795 γράμματα)
1076 1710 1130 1772 ναὶ
1152 1711 1249 1779 πόσας
1270 1709 1323 1772 τισὶ
1345 1704 1430 1779 πίνας

202 1812 268 1902 ἔχει
299 1815 453 1902 διαφοράς,
486 1816 529 1880 dui
559 1819 768 1882 πυνθάνεσθαι
799 1817 899 1900 παρὰ
928 1821 998 1881 τῶν
1031 1822 1214 1901 μετρικῶν.
1265 1812 1339 1880 Hue
1364 1831 1429 1892 ree,

205 1941 289 2005 queo
312 1926 379 1988 tum
402 1921 483 1988 nrtis
506 1921 660 1990 metrione
682 1921 834 2008 proprius
854 1927 956 2002 erunt,
981 1919 1213 1988 recentioribus
1232 1919 1429 2006 temporibus

202 2027 235 2094 in
259 2027 543 2113 grammaticorum
566 2027 687 2096 soholis
711 2034 873 2096 treomtoe
894 2034 984 2097 suut:
1014 2027 1260 2094 oontinehentur
1282 2025 1430 2095 doctrino

202 2140 271 2221 περὶ
291 2139 467 2224 προσῳδίας
514 2135 621 2222 Atque
643 2156 716 2204 oum
739 2135 918 2222 Dionysius
940 2135 1065 2221 Threx,
1088 2134 1144 2221 qui
1165 2171 1211 2186 ·—
1232 2141 1269 2202 nt
1291 2132 1430 2202 Gustuvi

203 2242 304 2329 Uhlig
326 2243 434 2311 rerhis
458 2243 506 2328 (in
522 2243 742 2330 Dionysisuee
757 2243 837 2312 ortis
852 2242 996 2312 editione
1008 2264 1041 2329 p.
1051 2243 1111 2331 vl)
1124 2249 1198 2310 uter
1212 2279 1255 2294 -
1269 2243 1431 2328 regushnt

203 2349 238 2418 in
269 2350 391 2418 seholis
423 2350 559 2420 Grueois
591 2351 633 2418 nh
663 2351 766 2419 altero
794 2349 1061 2420 antechristum
1091 2350 1223 2419 seeonlo
1254 2370 1359 2436 nsque
1386 2347 1430 2416 ud

205 2457 430 2526 duodeuimum
453 2467 540 2528 oens
562 2465 638 2546 post
660 2458 833 2544 Christum,
863 2458 897 2526 in
920 2465 991 2526 erto
1015 2479 1074 2526 sun
1097 2457 1313 2544 grammaton
1335 2458 1370 2543 (ὅ
1393 2455 1429 2546 6)

205 2563 247 2635 de
270 2565 402 2652 lingone
426 2566 655 2635 elementorum
678 2566 851 2654 generibus
877 2564 1122 2653 disputavisset,
1150 2564 1294 2633 nonnulli
1318 2584 1360 2633 ex
1381 2562 1430 2631 eis

206 2673 260 2758 qni
288 2674 519 2743 resentioribns
547 2675 744 2763 temporibus
773 2674 816 2743 do
842 2694 878 2741 re
905 2674 1039 2743 metrioo
1066 2674 1276 2761 seripserunt,
1307 2672 1350 2739 de
1379 2671 1431 2741 his

203 2781 301 2849 robus
332 2781 493 2851 disserere
525 2781 785 2870 supersederunt,
818 2782 920 2849 uoluti
947 2780 1147 2869 Hephaestio
1173 2782 1230 2849 ilio
1256 2780 1361 2848 noluit
1388 2778 1430 2846 de

203 2888 335 2975 liuguae
363 2890 531 2958 elementis
560 2888 728 2977 disputare
756 2890 789 2956 in
817 2886 996 2957 euchiridio
1025 2909 1098 2974 sno,
1127 2887 1214 2975 qnod
1241 2887 1431 2975 peremnis

205 2997 337 3063 sueonie
360 2996 394 3063 in
417 2996 538 3065 soholis
561 2996 703 3065 metricis
727 3016 831 3083 neque
854 2996 1005 3082 regnnvit
1027 3004 1126 3083 utque
1145 2995 1297 3083 Dionysii
1320 3016 1374 3064 urs
1397 2996 1432 3062 in

204 3102 325 3171 sohoiis
370 3104 605 3190 grummntiois3
652 3103 694 3173 oi.
735 3104 917 3189 Longinum
958 3102 1185 3192 philosophum
1221 3103 1257 3171 in
1297 3102 1431 3173 soholiis

206 3211 479 3298 Hephaestioueis
510 3211 623 3281 ulteris
655 3209 722 3301 (ed.
751 3211 836 3280 Gnil.
861 3211 1139 3280 Hoersoheimeuu
1167 3211 1430 3299 Dorpnti1882)

204 3339 237 3405 p.
263 3321 291 3405 1,
317 3321 357 3387 12
380 3330 433 3387 τοῦ
458 3322 489 3387 δὲ
511 3326 576 3407 περὶ
599 3326 712 3408 μέτρων
735 3322 823 3402 λόγου
845 3322 955 3387 πολλοὶ
977 3320 1144 3408 πολλαχῶς
1166 3318 1306 3407 ἤρξαντο,
1329 3316 1358 3385 οἱ
1379 3323 1432 3408 μὲν

205 3424 265 3493 ἀπὸ
286 3425 481 3517 στοιχείων),
505 3427 548 3502 ὡς
572 3425 746 3505 Φιλόξενος,
769 3426 797 3495 οἱ
819 3429 851 3493 δὲ
874 3426 934 3493 ἀπὸ
958 3437 1011 3493 τοῦ
1035 3433 1145 3516 μέτρων
1169 3426 1249 3514 ὅρα),
1272 3426 1315 3501 ὣς
1331 3422 1431 3493 ‘fluo-

203 3676 339 3749 μάλιστα
361 3675 392 3731 di
415 3676 603 3750 σειομένην),
632 3676 656 3729 Λ
681 3676 718 3749 (p.
736 3678 823 3735 42⁵1ss
850 3673 1015 3731 ὃλισθάνοι
1037 3674 1176 3748 μάλιστα
1198 3673 1225 3729 ἰν
1245 3681 1282 3746 τῷ
1303 3672 1431 3748 λάβσαὴ

203 3765 350 3839 γλῶττα),
374 3766 394 3819 Δ
413 3771 442 3825 et
460 3764 483 3819 'l’
505 3767 542 3839 (p
561 3768 649 3823 suth
671 3773 719 3839 τῆς
744 3764 765 3818 δ’
785 3761 817 3819 od
834 3772 879 3819 τοῦ
897 3764 972 3820 &hon
989 3765 1181 3839 συμπιέσεως
1199 3766 1243 3818 snt
1260 3770 1304 3819 τοῦ
1320 3770 1369 3818 ταῦ
1386 3764 1431 3817 sut

204 3854 391 3929 ἀπερείσεως
412 3862 469 3929 τῆς
487 3854 655 3928 γλώττης),
683 3853 810 3909 ΦΨΣΖ
838 3856 876 3927 (p
897 3857 986 3913 42¹ss
1008 3853 1218 3927 πντομστῶοη
1235 3856 1268 3907 τὰ
1284 3854 1429 3927 γράμματα.

204 3948 245 4003 Do
263 3944 283 3997 Σ
301 3947 334 4003 ci.
353 3946 439 4003 otium
457 3947 571 4003 Thesei.
589 3965 617 4017 p.
635 3946 720 4003 20³ss
739 3937 792 3997 οἷον
810 3944 1014 4018 σοριττοόσης
1032 3952 1089 4019 τῆς
1107 3943 1269 4018 γλώττης).

296 4054 320 4124 ¹)
339 4055 541 4122 Aristoxenum,
560 4053 718 4111 Aristotelis
736 4053 911 4126 disoipulum,
930 4057 1020 4111 urtom
1037 4055 1182 4111 moduinum
1199 4054 1236 4109 nh
1253 4055 1315 4109 sris
1333 4053 1429 4123 rhyth-

205 4144 277 4201 minu
293 4144 448 4201 seiunctum
465 4144 588 4201 docuisse
601 4144 711 4201 monuit
724 4144 795 4201 Rnd.
809 4144 965 4214 Westphul,
983 4144 1159 4201 Grieohisehe
1171 4142 1328 4213 Rhythmih
1345 4142 1430 4213 (Lipu

206 4231 290 4304 1885)
308 4252 335 4305 p.
353 4234 397 4291 23.
434 4234 474 4291 Gi.
494 4235 580 4291 otium
599 4235 633 4291 G.
652 4233 746 4291 Amsol
764 4234 795 4291 in
813 4234 961 4291 Breslnner
979 4233 1076 4305 philol.
1095 4232 1319 4305 Ahhuudiungen
1338 4232 1398 4288 Vol.
1416 4232 1429 4287 1

204 4322 270 4379 fuso.
287 4324 329 4379 111
346 4324 413 4395 ph.

296 4429 320 4500 Ι)
344 4432 384 4489 Do
406 4431 458 4487 hoo
482 4431 541 4488 loeo
564 4431 598 4489 of.
617 4432 640 4486 L
658 4431 769 4487 Vahlen
790 4430 821 4487 in
844 4430 1033 4502 Situungsber.
1051 4431 1078 4486 d
1096 4430 1172 4487 Knis.
1189 4429 1280 4485 Areo.
1298 4429 1326 4484 d.
1345 4430 1428 4487 Wiss.

205 4520 384 4577 Philus-hist
404 4520 444 4578 Gi.
466 4521 526 4577 Vol.
544 4522 581 4577 56
599 4520 730 4590 (vindob.
751 4520 831 4586 issu)
849 4538 878 4592 p.
895 4520 949 4577 226
966 4523 997 4577 st
1013 4521 1048 4577 H.
1066 4520 1208 4577 Steinthnl
1225 4520 1245 4575 l.
1263 4519 1283 4575 l.
1301 4520 1315 4575 1
1332 4520 1393 4577 268.

295 4625 321 4697 ⁸)
341 4628 381 4685 of.
400 4628 488 4685 seam
504 4626 656 4685 manuam
675 4626 768 4695 omne
792 4647 821 4699 p.
838 4628 883 4693 ns
902 4628 938 4683 rs
959 4627 1013 4695 (ss
1030 4627 1113 4695 ιω»)
1131 4624 1203 4698 ὀρχη
1220 4627 1267 4697 μιν
1282 4620 1327 4677 ων
1343 4624 1365 4699 ἡ
1381 4632 1430 4698 σοι

205 4714 340 4787 πωπω
375 4717 430 4789 «ω
447 4716 576 4788 «αισι
594 4714 678 4788 sue
