<?xml version="1.0" encoding="UTF-8"?>
<!DOCTYPE html PUBLIC "-//W3C//DTD XHTML 1.0 Transitional//EN"
    "http://www.w3.org/TR/xhtml1/DTD/xhtml1-transitional.dtd">
<html xmlns="http://www.w3.org/1999/xhtml" xml:lang="en" lang="en">
 <head>
  <title>
</title>
<meta http-equiv="Content-Type" content="text/html;charset=utf-8" />
  <meta name='ocr-system' content='tesseract 3.04.00' />
  <meta name='ocr-capabilities' content='ocr_page ocr_carea ocr_par ocr_line ocrx_word'/>
</head>
<body>
  <div class='ocr_page' id='page_1' title='image "./detacitosenecae00zimmgoog_0388.png"; bbox 0 0 3459 5200; ppageno 0'>
   <div class='ocr_carea' id='block_1_1' title="bbox 619 583 818 680">
    <p class='ocr_par' dir='ltr' id='par_1_1' title="bbox 619 583 818 680">
     <span class='ocr_line' id='line_1_1' title="bbox 619 583 818 680; baseline 0.01 -2"><span class='ocrx_word' id='word_1_1' title='bbox 619 583 818 680; x_wconf 53' lang='lat'><strong>„⁹¹—</strong></span> 
     </span>
    </p>
   </div>
   <div class='ocr_carea' id='block_1_2' title="bbox 125 790 1301 4176">
    <p class='ocr_par' dir='ltr' id='par_1_2' title="bbox 125 790 1301 4176">
     <span class='ocr_line' id='line_1_2' title="bbox 133 790 1299 876; baseline 0.003 -23"><span class='ocrx_word' id='word_1_2' title='bbox 133 790 217 872; x_wconf 90' lang='lat' dir='ltr'><strong>pede</strong></span> <span class='ocrx_word' id='word_1_3' title='bbox 244 791 432 873; x_wconf 81' lang='lat' dir='ltr'><strong>antispasto</strong></span> <span class='ocrx_word' id='word_1_4' title='bbox 463 791 496 854; x_wconf 91' lang='lat' dir='ltr'><strong>in</strong></span> <span class='ocrx_word' id='word_1_5' title='bbox 531 811 662 856; x_wconf 90' lang='lat' dir='ltr'><strong>errores</strong></span> <span class='ocrx_word' id='word_1_6' title='bbox 698 791 912 870; x_wconf 76' lang='lat' dir='ltr'>abducamur,</span> <span class='ocrx_word' id='word_1_7' title='bbox 946 799 982 859; x_wconf 91' lang='lat' dir='ltr'><strong>ut</strong></span> <span class='ocrx_word' id='word_1_8' title='bbox 1014 793 1168 876; x_wconf 91' lang='lat' dir='ltr'><strong>primitus</strong></span> <span class='ocrx_word' id='word_1_9' title='bbox 1196 792 1299 874; x_wconf 90' lang='lat' dir='ltr'><strong>pedes</strong></span> 
     </span>
     <span class='ocr_line' id='line_1_3' title="bbox 132 893 1297 980; baseline 0 -22"><span class='ocrx_word' id='word_1_10' title='bbox 132 894 366 959; x_wconf 89' lang='lat' dir='ltr'><strong>tantummodo</strong></span> <span class='ocrx_word' id='word_1_11' title='bbox 409 893 565 959; x_wconf 89' lang='lat' dir='ltr'><strong>binarum</strong></span> <span class='ocrx_word' id='word_1_12' title='bbox 610 898 642 958; x_wconf 93' lang='lat' dir='ltr'><strong>et</strong></span> <span class='ocrx_word' id='word_1_13' title='bbox 682 899 853 960; x_wconf 87' lang='lat' dir='ltr'><strong>ternamm</strong></span> <span class='ocrx_word' id='word_1_14' title='bbox 892 897 1094 978; x_wconf 87' lang='lat' dir='ltr'><strong>syllabarum</strong></span> <span class='ocrx_word' id='word_1_15' title='bbox 1131 895 1297 980; x_wconf 79' lang='lat' dir='ltr'><strong>propositi</strong></span> 
     </span>
     <span class='ocr_line' id='line_1_4' title="bbox 133 996 1299 1084; baseline 0 -24"><span class='ocrx_word' id='word_1_16' title='bbox 133 996 263 1061; x_wconf 84' lang='lat' dir='ltr'><strong>luerint.</strong></span> <span class='ocrx_word' id='word_1_17' title='bbox 272 996 295 1078; x_wconf 86' lang='lat'><strong>¹)</strong></span> <span class='ocrx_word' id='word_1_18' title='bbox 339 996 477 1062; x_wconf 82' lang='lat' dir='ltr'><strong>Accedit</strong></span> <span class='ocrx_word' id='word_1_19' title='bbox 500 997 589 1080; x_wconf 90' lang='lat' dir='ltr'><strong>quod</strong></span> <span class='ocrx_word' id='word_1_20' title='bbox 612 998 646 1060; x_wconf 89' lang='lat' dir='ltr'><strong>in</strong></span> <span class='ocrx_word' id='word_1_21' title='bbox 670 998 787 1062; x_wconf 91' lang='lat' dir='ltr'><strong>eadem</strong></span> <span class='ocrx_word' id='word_1_22' title='bbox 810 999 964 1063; x_wconf 89' lang='lat' dir='ltr'><strong>doctrina</strong></span> <span class='ocrx_word' id='word_1_23' title='bbox 988 1000 1126 1064; x_wconf 90' lang='lat' dir='ltr'><strong>nomina</strong></span> <span class='ocrx_word' id='word_1_24' title='bbox 1151 998 1299 1084; x_wconf 79' lang='grc' dir='ltr'><strong>βακχεῖος</strong></span> 
     </span>
     <span class='ocr_line' id='line_1_5' title="bbox 132 1101 1298 1185; baseline 0.003 -22"><span class='ocrx_word' id='word_1_25' title='bbox 132 1106 164 1165; x_wconf 90' lang='lat' dir='ltr'><strong>et</strong></span> <span class='ocrx_word' id='word_1_26' title='bbox 196 1107 320 1183; x_wconf 83' lang='grc' dir='ltr'>χορεῖος</span> <span class='ocrx_word' id='word_1_27' title='bbox 347 1101 484 1182; x_wconf 90' lang='lat' dir='ltr'><strong>antiquo</strong></span> <span class='ocrx_word' id='word_1_28' title='bbox 514 1119 608 1164; x_wconf 89' lang='lat' dir='ltr'><strong>more</strong></span> <span class='ocrx_word' id='word_1_29' title='bbox 634 1119 696 1182; x_wconf 92' lang='lat' dir='ltr'><strong>pro</strong></span> <span class='ocrx_word' id='word_1_30' title='bbox 724 1137 773 1148; x_wconf 83' lang='grc'><strong>--</strong></span> <span class='ocrx_word' id='word_1_31' title='bbox 787 1133 804 1154; x_wconf 73' lang='grc' dir='ltr'><strong>υ</strong></span> <span class='ocrx_word' id='word_1_32' title='bbox 827 1107 860 1167; x_wconf 93' lang='lat' dir='ltr'><strong>et</strong></span> <span class='ocrx_word' id='word_1_33' title='bbox 881 1135 931 1154; x_wconf 82' lang='grc' dir='ltr'><strong>-ν</strong></span> <span class='ocrx_word' id='word_1_34' title='bbox 955 1108 1174 1185; x_wconf 80' lang='lat' dir='ltr'><strong>usurpantur,</strong></span> <span class='ocrx_word' id='word_1_35' title='bbox 1209 1102 1298 1184; x_wconf 87' lang='lat' dir='ltr'><strong>quod</strong></span> 
     </span>
     <span class='ocr_line' id='line_1_6' title="bbox 132 1203 1299 1283; baseline 0.002 -17"><span class='ocrx_word' id='word_1_36' title='bbox 132 1203 282 1267; x_wconf 89' lang='lat' dir='ltr'><strong>eiusdem</strong></span> <span class='ocrx_word' id='word_1_37' title='bbox 315 1203 489 1266; x_wconf 89' lang='lat' dir='ltr'><strong>doctrinae</strong></span> <span class='ocrx_word' id='word_1_38' title='bbox 524 1207 707 1267; x_wconf 83' lang='lat' dir='ltr'><strong>sectatores</strong></span> <span class='ocrx_word' id='word_1_39' title='bbox 744 1207 822 1268; x_wconf 89' lang='lat' dir='ltr'><strong>sunt</strong></span> <span class='ocrx_word' id='word_1_40' title='bbox 855 1206 961 1269; x_wconf 90' lang='lat' dir='ltr'><strong>Varro</strong></span> <span class='ocrx_word' id='word_1_41' title='bbox 996 1209 1029 1269; x_wconf 91' lang='lat' dir='ltr'><strong>et</strong></span> <span class='ocrx_word' id='word_1_42' title='bbox 1058 1206 1190 1283; x_wconf 88' lang='lat' dir='ltr'><strong>Cicero,</strong></span> <span class='ocrx_word' id='word_1_43' title='bbox 1224 1223 1299 1268; x_wconf 91' lang='lat' dir='ltr'><strong>cum</strong></span> 
     </span>
     <span class='ocr_line' id='line_1_7' title="bbox 135 1305 1299 1391; baseline 0.001 -21"><span class='ocrx_word' id='word_1_44' title='bbox 135 1305 269 1370; x_wconf 90' lang='lat' dir='ltr'><strong>alterius</strong></span> <span class='ocrx_word' id='word_1_45' title='bbox 292 1305 441 1369; x_wconf 88' lang='lat' dir='ltr'><strong>asseclae</strong></span> <span class='ocrx_word' id='word_1_46' title='bbox 463 1305 607 1386; x_wconf 91' lang='lat' dir='ltr'><strong>primum</strong></span> <span class='ocrx_word' id='word_1_47' title='bbox 624 1326 655 1387; x_wconf 95' lang='lat' dir='ltr'><strong>p.</strong></span> <span class='ocrx_word' id='word_1_48' title='bbox 673 1305 751 1370; x_wconf 88' lang='lat' dir='ltr'><strong>Chr.</strong></span> <span class='ocrx_word' id='word_1_49' title='bbox 771 1327 802 1370; x_wconf 91' lang='lat' dir='ltr'><strong>n.</strong></span> <span class='ocrx_word' id='word_1_50' title='bbox 828 1308 996 1373; x_wconf 89' lang='lat' dir='ltr'><strong>saeculum</strong></span> <span class='ocrx_word' id='word_1_51' title='bbox 1015 1327 1084 1373; x_wconf 92' lang='lat' dir='ltr'><strong>non</strong></span> <span class='ocrx_word' id='word_1_52' title='bbox 1101 1306 1299 1391; x_wconf 79' lang='lat' dir='ltr'><strong>superent.²)</strong></span> 
     </span>
     <span class='ocr_line' id='line_1_8' title="bbox 132 1409 1299 1492; baseline 0.002 -20"><span class='ocrx_word' id='word_1_53' title='bbox 132 1409 240 1490; x_wconf 88' lang='lat' dir='ltr'><strong>Atque</strong></span> <span class='ocrx_word' id='word_1_54' title='bbox 264 1413 354 1473; x_wconf 90' lang='lat' dir='ltr'><strong>recte</strong></span> <span class='ocrx_word' id='word_1_55' title='bbox 377 1409 511 1490; x_wconf 90' lang='lat' dir='ltr'><strong>quidem</strong></span> <span class='ocrx_word' id='word_1_56' title='bbox 534 1410 600 1474; x_wconf 87' lang='lat' dir='ltr'><strong>Leo</strong></span> <span class='ocrx_word' id='word_1_57' title='bbox 624 1409 668 1492; x_wconf 75' lang='lat' dir='ltr'><strong>(p.</strong></span> <span class='ocrx_word' id='word_1_58' title='bbox 685 1410 761 1492; x_wconf 72' lang='lat'>300)</span> <span class='ocrx_word' id='word_1_59' title='bbox 784 1411 919 1492; x_wconf 86' lang='lat' dir='ltr'><strong>negavit</strong></span> <span class='ocrx_word' id='word_1_60' title='bbox 936 1413 1038 1476; x_wconf 88' lang='lat' dir='ltr'><strong>licere</strong></span> <span class='ocrx_word' id='word_1_61' title='bbox 1053 1417 1197 1476; x_wconf 90' lang='lat' dir='ltr'><strong>metrum</strong></span> <span class='ocrx_word' id='word_1_62' title='bbox 1212 1412 1299 1476; x_wconf 78' lang='lat' dir='ltr'><strong>ariti-</strong></span> 
     </span>
     <span class='ocr_line' id='line_1_9' title="bbox 134 1511 1298 1598; baseline 0.003 -23"><span class='ocrx_word' id='word_1_63' title='bbox 134 1511 317 1594; x_wconf 89' lang='lat' dir='ltr'><strong>spasticurn</strong></span> <span class='ocrx_word' id='word_1_64' title='bbox 340 1531 380 1575; x_wconf 85' lang='lat' dir='ltr'><strong>ex</strong></span> <span class='ocrx_word' id='word_1_65' title='bbox 405 1513 559 1576; x_wconf 91' lang='lat' dir='ltr'><strong>doctrina</strong></span> <span class='ocrx_word' id='word_1_66' title='bbox 582 1517 765 1576; x_wconf 85' lang='lat' dir='ltr'><strong>metrorum</strong></span> <span class='ocrx_word' id='word_1_67' title='bbox 788 1515 1004 1596; x_wconf 89' lang='lat' dir='ltr'><strong>physicorum</strong></span> <span class='ocrx_word' id='word_1_68' title='bbox 1022 1515 1117 1598; x_wconf 88' lang='lat' dir='ltr'><strong>quasi</strong></span> <span class='ocrx_word' id='word_1_69' title='bbox 1134 1514 1298 1598; x_wconf 89' lang='lat' dir='ltr'><strong>sequioris</strong></span> 
     </span>
     <span class='ocr_line' id='line_1_10' title="bbox 129 1614 1300 1694; baseline 0.003 -16"><span class='ocrx_word' id='word_1_70' title='bbox 129 1614 270 1678; x_wconf 88' lang='lat' dir='ltr'><strong>alicuius</strong></span> <span class='ocrx_word' id='word_1_71' title='bbox 286 1614 552 1679; x_wconf 87' lang='lat' dir='ltr'><strong>additamentum</strong></span> <span class='ocrx_word' id='word_1_72' title='bbox 575 1614 731 1694; x_wconf 82' lang='lat' dir='ltr'><strong>eximere,</strong></span> <span class='ocrx_word' id='word_1_73' title='bbox 755 1617 814 1679; x_wconf 91' lang='lat' dir='ltr'><strong>sed</strong></span> <span class='ocrx_word' id='word_1_74' title='bbox 829 1617 987 1681; x_wconf 88' lang='lat' dir='ltr'><strong>universa</strong></span> <span class='ocrx_word' id='word_1_75' title='bbox 1002 1618 1090 1681; x_wconf 90' lang='lat' dir='ltr'><strong>illius</strong></span> <span class='ocrx_word' id='word_1_76' title='bbox 1108 1617 1300 1682; x_wconf 90' lang='lat' dir='ltr'><strong>coniectura</strong></span> 
     </span>
     <span class='ocr_line' id='line_1_11' title="bbox 130 1717 1299 1803; baseline 0.003 -21"><span class='ocrx_word' id='word_1_77' title='bbox 130 1717 221 1782; x_wconf 87' lang='lat' dir='ltr'><strong>haud</strong></span> <span class='ocrx_word' id='word_1_78' title='bbox 243 1717 313 1782; x_wconf 91' lang='lat' dir='ltr'><strong>scio</strong></span> <span class='ocrx_word' id='word_1_79' title='bbox 337 1737 380 1782; x_wconf 90' lang='lat' dir='ltr'><strong>an</strong></span> <span class='ocrx_word' id='word_1_80' title='bbox 404 1736 473 1781; x_wconf 88' lang='lat' dir='ltr'><strong>non</strong></span> <span class='ocrx_word' id='word_1_81' title='bbox 503 1718 757 1783; x_wconf 87' lang='lat' dir='ltr'><strong>commendetur</strong></span> <span class='ocrx_word' id='word_1_82' title='bbox 786 1739 836 1797; x_wconf 91' lang='lat' dir='ltr'><strong>eo,</strong></span> <span class='ocrx_word' id='word_1_83' title='bbox 862 1720 952 1803; x_wconf 88' lang='lat' dir='ltr'><strong>quod</strong></span> <span class='ocrx_word' id='word_1_84' title='bbox 974 1721 1065 1785; x_wconf 89' lang='lat' dir='ltr'><strong>illam</strong></span> <span class='ocrx_word' id='word_1_85' title='bbox 1087 1721 1184 1803; x_wconf 90' lang='lat' dir='ltr'><strong>pedis</strong></span> <span class='ocrx_word' id='word_1_86' title='bbox 1212 1721 1299 1785; x_wconf 89' lang='lat' dir='ltr'><strong>anti-</strong></span> 
     </span>
     <span class='ocr_line' id='line_1_12' title="bbox 130 1821 1299 1904; baseline 0.002 -18"><span class='ocrx_word' id='word_1_87' title='bbox 130 1822 237 1904; x_wconf 85' lang='lat' dir='ltr'><strong>spasti</strong></span> <span class='ocrx_word' id='word_1_88' title='bbox 259 1822 326 1885; x_wconf 85' lang='lat' dir='ltr'><strong>vim</strong></span> <span class='ocrx_word' id='word_1_89' title='bbox 349 1825 449 1903; x_wconf 85' lang='lat' dir='ltr'><strong>atque</strong></span> <span class='ocrx_word' id='word_1_90' title='bbox 472 1821 645 1886; x_wconf 90' lang='lat' dir='ltr'><strong>notionem</strong></span> <span class='ocrx_word' id='word_1_91' title='bbox 669 1823 735 1886; x_wconf 89' lang='lat' dir='ltr'><strong>iam</strong></span> <span class='ocrx_word' id='word_1_92' title='bbox 758 1824 864 1887; x_wconf 89' lang='lat' dir='ltr'><strong>altero</strong></span> <span class='ocrx_word' id='word_1_93' title='bbox 887 1843 916 1887; x_wconf 88' lang='lat' dir='ltr'><strong>a.</strong></span> <span class='ocrx_word' id='word_1_94' title='bbox 937 1823 1016 1888; x_wconf 80' lang='lat' dir='ltr'><strong>Chr.</strong></span> <span class='ocrx_word' id='word_1_95' title='bbox 1035 1843 1067 1888; x_wconf 93' lang='lat' dir='ltr'><strong>n.</strong></span> <span class='ocrx_word' id='word_1_96' title='bbox 1092 1825 1225 1889; x_wconf 91' lang='lat' dir='ltr'><strong>saeculo</strong></span> <span class='ocrx_word' id='word_1_97' title='bbox 1248 1824 1299 1888; x_wconf 88' lang='lat' dir='ltr'><strong>in·</strong></span> 
     </span>
     <span class='ocr_line' id='line_1_13' title="bbox 129 1924 1298 2010; baseline 0.002 -22"><span class='ocrx_word' id='word_1_98' title='bbox 129 1931 231 1989; x_wconf 89' lang='lat' dir='ltr'><strong>eunte</strong></span> <span class='ocrx_word' id='word_1_99' title='bbox 246 1925 288 1988; x_wconf 90' lang='lat' dir='ltr'><strong>ab</strong></span> <span class='ocrx_word' id='word_1_100' title='bbox 299 1924 535 1989; x_wconf 83' lang='lat' dir='ltr'><strong>Alexandrinis</strong></span> <span class='ocrx_word' id='word_1_101' title='bbox 548 1925 780 2006; x_wconf 86' lang='lat' dir='ltr'><strong>excogitatam,</strong></span> <span class='ocrx_word' id='word_1_102' title='bbox 792 1931 871 2008; x_wconf 89' lang='lat' dir='ltr'><strong>post</strong></span> <span class='ocrx_word' id='word_1_103' title='bbox 885 1929 1038 1992; x_wconf 91' lang='lat' dir='ltr'><strong>consulto</strong></span> <span class='ocrx_word' id='word_1_104' title='bbox 1051 1947 1071 1992; x_wconf 89' lang='lat' dir='ltr'><strong>a</strong></span> <span class='ocrx_word' id='word_1_105' title='bbox 1082 1928 1298 2010; x_wconf 77' lang='lat' dir='ltr'><strong>Pergamenis</strong></span> 
     </span>
     <span class='ocr_line' id='line_1_14' title="bbox 129 2026 1299 2129; baseline 0 -36"><span class='ocrx_word' id='word_1_106' title='bbox 129 2028 296 2093; x_wconf 88' lang='lat' dir='ltr'><strong>abiectam</strong></span> <span class='ocrx_word' id='word_1_107' title='bbox 319 2026 424 2092; x_wconf 85' lang='lat' dir='ltr'><strong>fuisse</strong></span> <span class='ocrx_word' id='word_1_108' title='bbox 448 2029 588 2092; x_wconf 88' lang='lat' dir='ltr'><strong>censuit.</strong></span> <span class='ocrx_word' id='word_1_109' title='bbox 632 2029 816 2111; x_wconf 89' lang='lat' dir='ltr'><strong>Praecepta</strong></span> <span class='ocrx_word' id='word_1_110' title='bbox 830 2030 1039 2129; x_wconf 73' lang='lat' dir='ltr'><strong>Yarrouiana</strong></span> <span class='ocrx_word' id='word_1_111' title='bbox 1062 2051 1084 2096; x_wconf 87' lang='lat' dir='ltr'><strong>a</strong></span> <span class='ocrx_word' id='word_1_112' title='bbox 1104 2031 1299 2096; x_wconf 83' lang='lat' dir='ltr'><strong>rhetoribus</strong></span> 
     </span>
     <span class='ocr_line' id='line_1_15' title="bbox 129 2131 1298 2214; baseline 0 -18"><span class='ocrx_word' id='word_1_113' title='bbox 129 2132 310 2214; x_wconf 83' lang='lat' dir='ltr'><strong>praecipue</strong></span> <span class='ocrx_word' id='word_1_114' title='bbox 333 2151 352 2194; x_wconf 94' lang='lat' dir='ltr'><strong>a</strong></span> <span class='ocrx_word' id='word_1_115' title='bbox 374 2131 550 2206; x_wconf 81' lang='lat' dir='ltr'><strong>Cicerone,</strong></span> <span class='ocrx_word' id='word_1_116' title='bbox 579 2131 739 2213; x_wconf 86' lang='lat' dir='ltr'><strong>Dionysio</strong></span> <span class='ocrx_word' id='word_1_117' title='bbox 768 2133 1059 2211; x_wconf 86' lang='lat' dir='ltr'><strong>Halicarnasensi,</strong></span> <span class='ocrx_word' id='word_1_118' title='bbox 1090 2134 1298 2212; x_wconf 88' lang='lat' dir='ltr'><strong>Quintiliano</strong></span> 
     </span>
     <span class='ocr_line' id='line_1_16' title="bbox 130 2233 1298 2320; baseline 0.001 -22"><span class='ocrx_word' id='word_1_119' title='bbox 130 2236 165 2298; x_wconf 91' lang='lat' dir='ltr'><strong>in</strong></span> <span class='ocrx_word' id='word_1_120' title='bbox 190 2238 280 2298; x_wconf 85' lang='lat' dir='ltr'><strong>artes</strong></span> <span class='ocrx_word' id='word_1_121' title='bbox 304 2239 438 2316; x_wconf 90' lang='lat' dir='ltr'><strong>recepta</strong></span> <span class='ocrx_word' id='word_1_122' title='bbox 461 2253 537 2298; x_wconf 91' lang='lat' dir='ltr'><strong>esse</strong></span> <span class='ocrx_word' id='word_1_123' title='bbox 554 2233 621 2298; x_wconf 91' lang='lat' dir='ltr'><strong>iam</strong></span> <span class='ocrx_word' id='word_1_124' title='bbox 636 2235 864 2318; x_wconf 91' lang='lat' dir='ltr'><strong>Westphalius</strong></span> <span class='ocrx_word' id='word_1_125' title='bbox 880 2236 963 2301; x_wconf 91' lang='lat' dir='ltr'><strong>vidit</strong></span> <span class='ocrx_word' id='word_1_126' title='bbox 978 2241 1078 2320; x_wconf 90' lang='lat' dir='ltr'><strong>atque</strong></span> <span class='ocrx_word' id='word_1_127' title='bbox 1093 2239 1159 2301; x_wconf 90' lang='lat' dir='ltr'><strong>hoc</strong></span> <span class='ocrx_word' id='word_1_128' title='bbox 1175 2237 1298 2302; x_wconf 85' lang='lat' dir='ltr'><strong>iactum</strong></span> 
     </span>
     <span class='ocr_line' id='line_1_17' title="bbox 129 2336 1298 2420; baseline 0.001 -19"><span class='ocrx_word' id='word_1_129' title='bbox 129 2357 207 2402; x_wconf 89' lang='lat' dir='ltr'><strong>esse</strong></span> <span class='ocrx_word' id='word_1_130' title='bbox 222 2337 415 2402; x_wconf 86' lang='lat' dir='ltr'><strong>auctoribus</strong></span> <span class='ocrx_word' id='word_1_131' title='bbox 430 2336 647 2416; x_wconf 79' lang='lat' dir='ltr'><strong>Pergamenis</strong></span> <span class='ocrx_word' id='word_1_132' title='bbox 662 2337 729 2401; x_wconf 89' lang='lat' dir='ltr'><strong>Leo</strong></span> <span class='ocrx_word' id='word_1_133' title='bbox 747 2338 1002 2420; x_wconf 88' lang='lat' dir='ltr'><strong>demonstravit,</strong></span> <span class='ocrx_word' id='word_1_134' title='bbox 1026 2340 1086 2404; x_wconf 91' lang='lat' dir='ltr'><strong>sed</strong></span> <span class='ocrx_word' id='word_1_135' title='bbox 1110 2340 1298 2405; x_wconf 87' lang='lat' dir='ltr'><strong>doctrinam</strong></span> 
     </span>
     <span class='ocr_line' id='line_1_18' title="bbox 130 2440 1299 2526; baseline 0.002 -22"><span class='ocrx_word' id='word_1_136' title='bbox 130 2442 222 2504; x_wconf 92' lang='lat' dir='ltr'><strong>illam</strong></span> <span class='ocrx_word' id='word_1_137' title='bbox 252 2461 272 2504; x_wconf 92' lang='lat' dir='ltr'><strong>a</strong></span> <span class='ocrx_word' id='word_1_138' title='bbox 299 2440 515 2522; x_wconf 81' lang='lat' dir='ltr'><strong>Pergamenis</strong></span> <span class='ocrx_word' id='word_1_139' title='bbox 552 2441 633 2521; x_wconf 87' lang='lat' dir='ltr'><strong>ipsis</strong></span> <span class='ocrx_word' id='word_1_140' title='bbox 668 2460 743 2504; x_wconf 87' lang='lat' dir='ltr'><strong>esse</strong></span> <span class='ocrx_word' id='word_1_141' title='bbox 772 2443 994 2524; x_wconf 83' lang='lat' dir='ltr'><strong>excogitatam</strong></span> <span class='ocrx_word' id='word_1_142' title='bbox 1023 2463 1131 2526; x_wconf 90' lang='lat' dir='ltr'><strong>neque</strong></span> <span class='ocrx_word' id='word_1_143' title='bbox 1164 2443 1299 2508; x_wconf 84' lang='lat' dir='ltr'><strong>aliunde</strong></span> 
     </span>
     <span class='ocr_line' id='line_1_19' title="bbox 129 2541 1298 2629; baseline 0.001 -20"><span class='ocrx_word' id='word_1_144' title='bbox 129 2544 315 2609; x_wconf 88' lang='lat' dir='ltr'><strong>derivatam</strong></span> <span class='ocrx_word' id='word_1_145' title='bbox 339 2542 430 2607; x_wconf 90' lang='lat' dir='ltr'><strong>nullu</strong></span> <span class='ocrx_word' id='word_1_146' title='bbox 454 2541 543 2625; x_wconf 91' lang='lat' dir='ltr'><strong>quod</strong></span> <span class='ocrx_word' id='word_1_147' title='bbox 566 2542 663 2607; x_wconf 88' lang='lat' dir='ltr'><strong>video</strong></span> <span class='ocrx_word' id='word_1_148' title='bbox 682 2549 878 2625; x_wconf 87' lang='lat' dir='ltr'><strong>argumento</strong></span> <span class='ocrx_word' id='word_1_149' title='bbox 895 2547 1134 2629; x_wconf 87' lang='lat' dir='ltr'><strong>comprobavit.</strong></span> <span class='ocrx_word' id='word_1_150' title='bbox 1169 2546 1298 2612; x_wconf 91' lang='lat' dir='ltr'><strong>Deinde</strong></span> 
     </span>
     <span class='ocr_line' id='line_1_20' title="bbox 128 2646 1299 2731; baseline 0.002 -19"><span class='ocrx_word' id='word_1_151' title='bbox 128 2658 164 2712; x_wconf 91' lang='lat' dir='ltr'><strong>ut</strong></span> <span class='ocrx_word' id='word_1_152' title='bbox 199 2665 267 2711; x_wconf 88' lang='lat' dir='ltr'><strong>non</strong></span> <span class='ocrx_word' id='word_1_153' title='bbox 302 2646 411 2710; x_wconf 88' lang='lat' dir='ltr'><strong>dicam</strong></span> <span class='ocrx_word' id='word_1_154' title='bbox 446 2647 486 2710; x_wconf 90' lang='lat' dir='ltr'><strong>de</strong></span> <span class='ocrx_word' id='word_1_155' title='bbox 520 2648 725 2727; x_wconf 81' lang='lat' dir='ltr'><strong>argumentis</strong></span> <span class='ocrx_word' id='word_1_156' title='bbox 755 2668 795 2712; x_wconf 90' lang='lat' dir='ltr'><strong>ex</strong></span> <span class='ocrx_word' id='word_1_157' title='bbox 825 2652 979 2731; x_wconf 82' lang='lat' dir='ltr'><strong>exempla</strong></span> <span class='ocrx_word' id='word_1_158' title='bbox 1012 2652 1174 2716; x_wconf 83' lang='lat' dir='ltr'><strong>afferendi</strong></span> <span class='ocrx_word' id='word_1_159' title='bbox 1206 2670 1299 2715; x_wconf 91' lang='lat' dir='ltr'><strong>more</strong></span> 
     </span>
     <span class='ocr_line' id='line_1_21' title="bbox 131 2749 1300 2836; baseline 0.003 -21"><span class='ocrx_word' id='word_1_160' title='bbox 131 2750 223 2833; x_wconf 91' lang='lat' dir='ltr'><strong>apud</strong></span> <span class='ocrx_word' id='word_1_161' title='bbox 264 2749 435 2814; x_wconf 90' lang='lat' dir='ltr'><strong>doctrinae</strong></span> <span class='ocrx_word' id='word_1_162' title='bbox 471 2751 699 2815; x_wconf 78' lang='lat' dir='ltr'><strong>varronianae</strong></span> <span class='ocrx_word' id='word_1_163' title='bbox 733 2754 881 2816; x_wconf 88' lang='lat' dir='ltr'><strong>asseclas</strong></span> <span class='ocrx_word' id='word_1_164' title='bbox 921 2755 1160 2836; x_wconf 88' lang='lat' dir='ltr'><strong>conspiciendo</strong></span> <span class='ocrx_word' id='word_1_165' title='bbox 1195 2760 1228 2818; x_wconf 87' lang='lat' dir='ltr'><strong>et</strong></span> <span class='ocrx_word' id='word_1_166' title='bbox 1260 2774 1300 2819; x_wconf 84' lang='lat' dir='ltr'><strong>ex</strong></span> 
     </span>
     <span class='ocr_line' id='line_1_22' title="bbox 129 2854 1299 2940; baseline 0.001 -20"><span class='ocrx_word' id='word_1_167' title='bbox 129 2855 242 2920; x_wconf 89' lang='lat' dir='ltr'><strong>Caesii</strong></span> <span class='ocrx_word' id='word_1_168' title='bbox 266 2854 363 2917; x_wconf 92' lang='lat' dir='ltr'><strong>Bassi</strong></span> <span class='ocrx_word' id='word_1_169' title='bbox 385 2854 600 2935; x_wconf 89' lang='lat' dir='ltr'><strong>peroratione</strong></span> <span class='ocrx_word' id='word_1_170' title='bbox 624 2854 676 2917; x_wconf 89' lang='lat' dir='ltr'><strong>GL</strong></span> <span class='ocrx_word' id='word_1_171' title='bbox 699 2856 739 2918; x_wconf 89' lang='lat' dir='ltr'><strong>Vl</strong></span> <span class='ocrx_word' id='word_1_172' title='bbox 762 2856 835 2934; x_wconf 66' lang='lat'><strong>271,</strong></span> <span class='ocrx_word' id='word_1_173' title='bbox 851 2858 892 2919; x_wconf 68' lang='lat'><strong>23</strong></span> <span class='ocrx_word' id='word_1_174' title='bbox 917 2876 1000 2940; x_wconf 88' lang='lat' dir='ltr'><strong>sqq,</strong></span> <span class='ocrx_word' id='word_1_175' title='bbox 1024 2858 1153 2940; x_wconf 90' lang='lat' dir='ltr'><strong>quade</strong></span> <span class='ocrx_word' id='word_1_176' title='bbox 1177 2858 1299 2922; x_wconf 89' lang='lat' dir='ltr'><strong>rectius</strong></span> 
     </span>
     <span class='ocr_line' id='line_1_23' title="bbox 129 2956 1300 3042; baseline 0.003 -22"><span class='ocrx_word' id='word_1_177' title='bbox 129 2956 215 3021; x_wconf 92' lang='lat' dir='ltr'><strong>mihi</strong></span> <span class='ocrx_word' id='word_1_178' title='bbox 240 2957 406 3020; x_wconf 87' lang='lat' dir='ltr'><strong>iudicasse</strong></span> <span class='ocrx_word' id='word_1_179' title='bbox 428 2956 559 3021; x_wconf 91' lang='lat' dir='ltr'><strong>videtur</strong></span> <span class='ocrx_word' id='word_1_180' title='bbox 582 2957 771 3021; x_wconf 88' lang='lat' dir='ltr'><strong>Schultzius</strong></span> <span class='ocrx_word' id='word_1_181' title='bbox 794 2959 907 3023; x_wconf 90' lang='lat' dir='ltr'><strong>Herm.</strong></span> <span class='ocrx_word' id='word_1_182' title='bbox 931 2960 952 3023; x_wconf 94' lang='lat' dir='ltr'><strong>l.</strong></span> <span class='ocrx_word' id='word_1_183' title='bbox 976 2979 1003 3023; x_wconf 93' lang='lat' dir='ltr'><strong>c.</strong></span> <span class='ocrx_word' id='word_1_184' title='bbox 1025 2980 1058 3042; x_wconf 93' lang='lat' dir='ltr'><strong>p.</strong></span> <span class='ocrx_word' id='word_1_185' title='bbox 1077 2962 1150 3038; x_wconf 75' lang='lat' dir='ltr'><strong>aab,</strong></span> <span class='ocrx_word' id='word_1_186' title='bbox 1175 2960 1300 3041; x_wconf 80' lang='lat' dir='ltr'><strong>petitia,</strong></span> 
     </span>
     <span class='ocr_line' id='line_1_24' title="bbox 130 3060 1300 3145; baseline 0.003 -22"><span class='ocrx_word' id='word_1_187' title='bbox 130 3060 254 3143; x_wconf 93' lang='lat' dir='ltr'><strong>quibus</strong></span> <span class='ocrx_word' id='word_1_188' title='bbox 278 3061 399 3142; x_wconf 88' lang='lat' dir='ltr'><strong>opinor</strong></span> <span class='ocrx_word' id='word_1_189' title='bbox 422 3080 464 3123; x_wconf 89' lang='lat' dir='ltr'><strong>ne</strong></span> <span class='ocrx_word' id='word_1_190' title='bbox 486 3060 553 3124; x_wconf 90' lang='lat' dir='ltr'><strong>Leo</strong></span> <span class='ocrx_word' id='word_1_191' title='bbox 577 3060 710 3142; x_wconf 88' lang='lat' dir='ltr'><strong>quidem</strong></span> <span class='ocrx_word' id='word_1_192' title='bbox 739 3063 878 3126; x_wconf 90' lang='lat' dir='ltr'><strong>multum</strong></span> <span class='ocrx_word' id='word_1_193' title='bbox 901 3063 1025 3140; x_wconf 89' lang='lat' dir='ltr'><strong>tribuit,</strong></span> <span class='ocrx_word' id='word_1_194' title='bbox 1049 3063 1227 3145; x_wconf 84' lang='lat' dir='ltr'><strong>Dionysius</strong></span> <span class='ocrx_word' id='word_1_195' title='bbox 1249 3082 1300 3141; x_wconf 92' lang='lat' dir='ltr'><strong>eo,</strong></span> 
     </span>
     <span class='ocr_line' id='line_1_25' title="bbox 128 3163 1299 3247; baseline 0.001 -20"><span class='ocrx_word' id='word_1_196' title='bbox 128 3164 223 3247; x_wconf 92' lang='lat' dir='ltr'><strong>quod</strong></span> <span class='ocrx_word' id='word_1_197' title='bbox 245 3163 300 3243; x_wconf 91' lang='lat' dir='ltr'><strong>(de</strong></span> <span class='ocrx_word' id='word_1_198' title='bbox 324 3183 430 3244; x_wconf 90' lang='lat' dir='ltr'><strong>comp.</strong></span> <span class='ocrx_word' id='word_1_199' title='bbox 454 3164 545 3227; x_wconf 88' lang='lat' dir='ltr'><strong>verb.</strong></span> <span class='ocrx_word' id='word_1_200' title='bbox 570 3184 640 3245; x_wconf 91' lang='lat' dir='ltr'><strong>cap.</strong></span> <span class='ocrx_word' id='word_1_201' title='bbox 664 3166 718 3245; x_wconf 70' lang='lat'><strong>25)</strong></span> <span class='ocrx_word' id='word_1_202' title='bbox 748 3165 782 3229; x_wconf 93' lang='lat' dir='ltr'><strong>in</strong></span> <span class='ocrx_word' id='word_1_203' title='bbox 806 3165 959 3229; x_wconf 91' lang='lat' dir='ltr'><strong>oratione</strong></span> <span class='ocrx_word' id='word_1_204' title='bbox 981 3165 1242 3230; x_wconf 90' lang='lat' dir='ltr'><strong>Demosthenica</strong></span> <span class='ocrx_word' id='word_1_205' title='bbox 1266 3166 1299 3228; x_wconf 90' lang='lat' dir='ltr'><strong>in</strong></span> 
     </span>
     <span class='ocr_line' id='line_1_26' title="bbox 129 3265 1300 3347; baseline 0.001 -16"><span class='ocrx_word' id='word_1_206' title='bbox 129 3286 249 3331; x_wconf 89' lang='lat' dir='ltr'><strong>versus</strong></span> <span class='ocrx_word' id='word_1_207' title='bbox 290 3265 505 3330; x_wconf 86' lang='lat' dir='ltr'><strong>dissolvenda</strong></span> <span class='ocrx_word' id='word_1_208' title='bbox 550 3265 590 3329; x_wconf 93' lang='lat' dir='ltr'><strong>de</strong></span> <span class='ocrx_word' id='word_1_209' title='bbox 627 3267 769 3347; x_wconf 91' lang='lat' dir='ltr'><strong>pedibus</strong></span> <span class='ocrx_word' id='word_1_210' title='bbox 807 3267 994 3333; x_wconf 90' lang='lat' dir='ltr'><strong>adiciendis</strong></span> <span class='ocrx_word' id='word_1_211' title='bbox 1032 3274 1089 3333; x_wconf 91' lang='lat' dir='ltr'><strong>aut</strong></span> <span class='ocrx_word' id='word_1_212' title='bbox 1125 3268 1300 3333; x_wconf 89' lang='lat' dir='ltr'><strong>demendis</strong></span> 
     </span>
     <span class='ocr_line' id='line_1_27' title="bbox 127 3369 1300 3454; baseline 0.002 -21"><span class='ocrx_word' id='word_1_213' title='bbox 127 3370 234 3435; x_wconf 90' lang='lat' dir='ltr'><strong>verba</strong></span> <span class='ocrx_word' id='word_1_214' title='bbox 266 3369 360 3447; x_wconf 87' lang='lat' dir='ltr'><strong>lacit,</strong></span> <span class='ocrx_word' id='word_1_215' title='bbox 395 3387 465 3432; x_wconf 91' lang='lat' dir='ltr'><strong>non</strong></span> <span class='ocrx_word' id='word_1_216' title='bbox 498 3374 566 3433; x_wconf 91' lang='lat' dir='ltr'><strong>tam</strong></span> <span class='ocrx_word' id='word_1_217' title='bbox 602 3369 786 3435; x_wconf 87' lang='lat' dir='ltr'><strong>luculenter</strong></span> <span class='ocrx_word' id='word_1_218' title='bbox 819 3392 920 3453; x_wconf 88' lang='lat' dir='ltr'><strong>quam</strong></span> <span class='ocrx_word' id='word_1_219' title='bbox 947 3372 1052 3437; x_wconf 89' lang='lat' dir='ltr'><strong>Leoni</strong></span> <span class='ocrx_word' id='word_1_220' title='bbox 1082 3374 1127 3454; x_wconf 86' lang='lat' dir='ltr'><strong>(p.</strong></span> <span class='ocrx_word' id='word_1_221' title='bbox 1150 3373 1214 3436; x_wconf 76' lang='lat' dir='ltr'><strong>aad</strong></span> <span class='ocrx_word' id='word_1_222' title='bbox 1237 3374 1300 3454; x_wconf 84' lang='lat' dir='ltr'><strong>sq.)</strong></span> 
     </span>
     <span class='ocr_line' id='line_1_28' title="bbox 128 3473 1301 3553; baseline 0.003 -18"><span class='ocrx_word' id='word_1_223' title='bbox 128 3474 240 3538; x_wconf 88' lang='lat' dir='ltr'><strong>visum</strong></span> <span class='ocrx_word' id='word_1_224' title='bbox 264 3477 316 3537; x_wconf 90' lang='lat' dir='ltr'><strong>est</strong></span> <span class='ocrx_word' id='word_1_225' title='bbox 338 3473 622 3553; x_wconf 84' lang='lat' dir='ltr'><strong>Pergamenorum</strong></span> <span class='ocrx_word' id='word_1_226' title='bbox 646 3474 870 3539; x_wconf 87' lang='lat' dir='ltr'><strong>eruditionem</strong></span> <span class='ocrx_word' id='word_1_227' title='bbox 893 3476 1028 3540; x_wconf 81' lang='lat' dir='ltr'><strong>indicat</strong></span> <span class='ocrx_word' id='word_1_228' title='bbox 1074 3475 1207 3540; x_wconf 82' lang='lat' dir='ltr'><strong>Etenim</strong></span> <span class='ocrx_word' id='word_1_229' title='bbox 1226 3494 1301 3539; x_wconf 90' lang='lat' dir='ltr'><strong>cum</strong></span> 
     </span>
     <span class='ocr_line' id='line_1_29' title="bbox 128 3576 1300 3661; baseline 0.001 -20"><span class='ocrx_word' id='word_1_230' title='bbox 128 3578 164 3641; x_wconf 89' lang='lat' dir='ltr'><strong>in</strong></span> <span class='ocrx_word' id='word_1_231' title='bbox 191 3576 343 3640; x_wconf 90' lang='lat' dir='ltr'><strong>oratione</strong></span> <span class='ocrx_word' id='word_1_232' title='bbox 366 3576 423 3639; x_wconf 90' lang='lat' dir='ltr'><strong>illa</strong></span> <span class='ocrx_word' id='word_1_233' title='bbox 446 3577 713 3657; x_wconf 90' lang='lat' dir='ltr'><strong>deprehenderet</strong></span> <span class='ocrx_word' id='word_1_234' title='bbox 736 3598 806 3641; x_wconf 88' lang='lat' dir='ltr'><strong>non</strong></span> <span class='ocrx_word' id='word_1_235' title='bbox 827 3599 945 3643; x_wconf 89' lang='lat' dir='ltr'><strong>versus</strong></span> <span class='ocrx_word' id='word_1_236' title='bbox 968 3580 1128 3661; x_wconf 86' lang='lat' dir='ltr'><strong>integros,</strong></span> <span class='ocrx_word' id='word_1_237' title='bbox 1152 3578 1212 3643; x_wconf 89' lang='lat' dir='ltr'><strong>sed</strong></span> <span class='ocrx_word' id='word_1_238' title='bbox 1225 3583 1300 3642; x_wconf 91' lang='lat' dir='ltr'><strong>tan·</strong></span> 
     </span>
     <span class='ocr_line' id='line_1_30' title="bbox 127 3680 1301 3765; baseline 0.001 -20"><span class='ocrx_word' id='word_1_239' title='bbox 127 3686 202 3745; x_wconf 88' lang='lat' dir='ltr'><strong>tum</strong></span> <span class='ocrx_word' id='word_1_240' title='bbox 227 3698 295 3743; x_wconf 90' lang='lat' dir='ltr'><strong>uon</strong></span> <span class='ocrx_word' id='word_1_241' title='bbox 323 3699 442 3743; x_wconf 89' lang='lat' dir='ltr'><strong>omnes</strong></span> <span class='ocrx_word' id='word_1_242' title='bbox 477 3680 629 3757; x_wconf 92' lang='lat' dir='ltr'><strong>mutilos,</strong></span> <span class='ocrx_word' id='word_1_243' title='bbox 663 3681 843 3763; x_wconf 86' lang='lat' dir='ltr'><strong>Dionysius</strong></span> <span class='ocrx_word' id='word_1_244' title='bbox 872 3702 915 3745; x_wconf 91' lang='lat' dir='ltr'><strong>ne</strong></span> <span class='ocrx_word' id='word_1_245' title='bbox 943 3684 1051 3765; x_wconf 91' lang='lat' dir='ltr'><strong>potuit</strong></span> <span class='ocrx_word' id='word_1_246' title='bbox 1079 3683 1212 3765; x_wconf 90' lang='lat' dir='ltr'><strong>quidem</strong></span> <span class='ocrx_word' id='word_1_247' title='bbox 1235 3682 1301 3747; x_wconf 93' lang='lat' dir='ltr'><strong>alia</strong></span> 
     </span>
     <span class='ocr_line' id='line_1_31' title="bbox 125 3782 1300 3869; baseline 0.003 -23"><span class='ocrx_word' id='word_1_248' title='bbox 125 3783 185 3847; x_wconf 89' lang='lat' dir='ltr'><strong>via</strong></span> <span class='ocrx_word' id='word_1_249' title='bbox 207 3782 347 3863; x_wconf 87' lang='lat' dir='ltr'><strong>ingredi.</strong></span> <span class='ocrx_word' id='word_1_250' title='bbox 391 3782 505 3863; x_wconf 87' lang='lat' dir='ltr'><strong>Neque</strong></span> <span class='ocrx_word' id='word_1_251' title='bbox 531 3784 741 3847; x_wconf 89' lang='lat' dir='ltr'><strong>obliviscaris</strong></span> <span class='ocrx_word' id='word_1_252' title='bbox 771 3784 881 3849; x_wconf 90' lang='lat' dir='ltr'><strong>eidem</strong></span> <span class='ocrx_word' id='word_1_253' title='bbox 910 3785 1070 3868; x_wconf 89' lang='lat' dir='ltr'><strong>Dionysio</strong></span> <span class='ocrx_word' id='word_1_254' title='bbox 1098 3786 1190 3850; x_wconf 88' lang='lat' dir='ltr'><strong>illam</strong></span> <span class='ocrx_word' id='word_1_255' title='bbox 1218 3806 1300 3869; x_wconf 91' lang='lat' dir='ltr'><strong>quo·</strong></span> 
     </span>
     <span class='ocr_line' id='line_1_32' title="bbox 128 3884 1300 3971; baseline 0.003 -22"><span class='ocrx_word' id='word_1_256' title='bbox 128 3906 197 3969; x_wconf 87' lang='lat' dir='ltr'><strong>que</strong></span> <span class='ocrx_word' id='word_1_257' title='bbox 221 3884 408 3949; x_wconf 90' lang='lat' dir='ltr'><strong>doctrinam</strong></span> <span class='ocrx_word' id='word_1_258' title='bbox 431 3890 547 3950; x_wconf 87' lang='lat' dir='ltr'><strong>notam</strong></span> <span class='ocrx_word' id='word_1_259' title='bbox 570 3886 684 3964; x_wconf 89' lang='lat' dir='ltr'><strong>fuisse,</strong></span> <span class='ocrx_word' id='word_1_260' title='bbox 708 3908 772 3969; x_wconf 87' lang='lat' dir='ltr'><strong>qua</strong></span> <span class='ocrx_word' id='word_1_261' title='bbox 788 3887 831 3951; x_wconf 90' lang='lat' dir='ltr'><strong>ad</strong></span> <span class='ocrx_word' id='word_1_262' title='bbox 848 3890 1026 3971; x_wconf 89' lang='lat' dir='ltr'><strong>antispasti</strong></span> <span class='ocrx_word' id='word_1_263' title='bbox 1045 3890 1141 3971; x_wconf 90' lang='lat' dir='ltr'><strong>pedis</strong></span> <span class='ocrx_word' id='word_1_264' title='bbox 1158 3889 1300 3954; x_wconf 86' lang='lat' dir='ltr'><strong>formam</strong></span> 
     </span>
     <span class='ocr_line' id='line_1_33' title="bbox 125 3988 1299 4075; baseline 0.002 -22"><span class='ocrx_word' id='word_1_265' title='bbox 125 3996 302 4071; x_wconf 88' lang='lat' dir='ltr'><strong>tamquam</strong></span> <span class='ocrx_word' id='word_1_266' title='bbox 324 3988 520 4071; x_wconf 90' lang='lat' dir='ltr'><strong>primariam</strong></span> <span class='ocrx_word' id='word_1_267' title='bbox 546 3990 688 4071; x_wconf 80' lang='lat' dir='ltr'><strong>Priapea</strong></span> <span class='ocrx_word' id='word_1_268' title='bbox 711 3991 995 4073; x_wconf 85' lang='lat' dir='ltr'><strong>revocabantur.³)</strong></span> <span class='ocrx_word' id='word_1_269' title='bbox 1050 3992 1201 4075; x_wconf 90' lang='lat' dir='ltr'><strong>Denique</strong></span> <span class='ocrx_word' id='word_1_270' title='bbox 1230 3997 1299 4056; x_wconf 90' lang='lat' dir='ltr'><strong>tres</strong></span> 
     </span>
     <span class='ocr_line' id='line_1_34' title="bbox 126 4091 1299 4176; baseline 0.002 -19"><span class='ocrx_word' id='word_1_271' title='bbox 126 4092 253 4157; x_wconf 92' lang='lat' dir='ltr'><strong>modos</strong></span> <span class='ocrx_word' id='word_1_272' title='bbox 276 4091 453 4171; x_wconf 90' lang='lat' dir='ltr'><strong>adiciendi,</strong></span> <span class='ocrx_word' id='word_1_273' title='bbox 477 4093 685 4172; x_wconf 88' lang='lat' dir='ltr'><strong>detrahendi,</strong></span> <span class='ocrx_word' id='word_1_274' title='bbox 712 4094 925 4175; x_wconf 90' lang='lat' dir='ltr'><strong>permutandi</strong></span> <span class='ocrx_word' id='word_1_275' title='bbox 954 4095 988 4158; x_wconf 90' lang='lat' dir='ltr'><strong>in</strong></span> <span class='ocrx_word' id='word_1_276' title='bbox 1016 4096 1299 4176; x_wconf 89' lang='lat' dir='ltr'><strong>Pergamenorum</strong></span> 
     </span>
    </p>
   </div>
   <div class='ocr_carea' id='block_1_3' title="bbox 127 4268 324 4277">
    <p class='ocr_par' dir='ltr' id='par_1_3' title="bbox 127 4268 324 4277">
     <span class='ocr_line' id='line_1_35' title="bbox 127 4268 324 4277; baseline -0.015 -2"><span class='ocrx_word' id='word_1_277' title='bbox 127 4268 299 4277; x_wconf 76' lang='lat'><strong>--.--—..</strong></span> <span class='ocrx_word' id='word_1_278' title='bbox 317 4268 324 4273; x_wconf 83' lang='lat'><strong>.</strong></span> 
     </span>
    </p>
   </div>
   <div class='ocr_carea' id='block_1_4' title="bbox 124 4368 1301 4701">
    <p class='ocr_par' dir='ltr' id='par_1_4' title="bbox 221 4368 1220 4439">
     <span class='ocr_line' id='line_1_36' title="bbox 221 4368 1220 4439; baseline 0.001 -18"><span class='ocrx_word' id='word_1_279' title='bbox 221 4368 239 4437; x_wconf 87' lang='lat'><strong>¹)</strong></span> <span class='ocrx_word' id='word_1_280' title='bbox 260 4384 283 4421; x_wconf 84' lang='lat' dir='ltr'><strong>v.</strong></span> <span class='ocrx_word' id='word_1_281' title='bbox 303 4369 416 4422; x_wconf 86' lang='lat' dir='ltr'><strong>Schultz</strong></span> <span class='ocrx_word' id='word_1_282' title='bbox 434 4369 525 4423; x_wconf 90' lang='lat' dir='ltr'><strong>Herm.</strong></span> <span class='ocrx_word' id='word_1_283' title='bbox 544 4370 618 4423; x_wconf 80' lang='lat' dir='ltr'><strong>Xllll</strong></span> <span class='ocrx_word' id='word_1_284' title='bbox 637 4370 699 4432; x_wconf 64' lang='lat' dir='ltr'><strong>aare</strong></span> <span class='ocrx_word' id='word_1_285' title='bbox 719 4370 890 4424; x_wconf 75' lang='lat' dir='ltr'><strong>Ps=Censon</strong></span> <span class='ocrx_word' id='word_1_286' title='bbox 909 4387 935 4439; x_wconf 93' lang='lat' dir='ltr'><strong>p.</strong></span> <span class='ocrx_word' id='word_1_287' title='bbox 954 4372 1014 4431; x_wconf 85' lang='grc'>611,</span> <span class='ocrx_word' id='word_1_288' title='bbox 1032 4372 1056 4423; x_wconf 73' lang='lat' dir='ltr'><strong>i.</strong></span> <span class='ocrx_word' id='word_1_289' title='bbox 1216 4432 1220 4436; x_wconf 38' lang='grc'>,</span> 
     </span>
    </p>

    <p class='ocr_par' dir='ltr' id='par_1_5' title="bbox 124 4455 1301 4613">
     <span class='ocr_line' id='line_1_37' title="bbox 218 4455 1301 4525; baseline 0.005 -17"><span class='ocrx_word' id='word_1_290' title='bbox 218 4456 240 4522; x_wconf 69' lang='lat'><strong>²¹)</strong></span> <span class='ocrx_word' id='word_1_291' title='bbox 265 4456 297 4510; x_wconf 87' lang='lat' dir='ltr'><strong>cl.</strong></span> <span class='ocrx_word' id='word_1_292' title='bbox 323 4455 405 4509; x_wconf 87' lang='lat' dir='ltr'><strong>etiam</strong></span> <span class='ocrx_word' id='word_1_293' title='bbox 429 4472 500 4525; x_wconf 87' lang='lat' dir='ltr'><strong>quae</strong></span> <span class='ocrx_word' id='word_1_294' title='bbox 524 4456 559 4509; x_wconf 91' lang='lat' dir='ltr'><strong>de</strong></span> <span class='ocrx_word' id='word_1_295' title='bbox 585 4456 760 4524; x_wconf 81' lang='grc' dir='ltr'><strong>καταλήξεως</strong></span> <span class='ocrx_word' id='word_1_296' title='bbox 791 4458 918 4511; x_wconf 83' lang='lat' dir='ltr'><strong>doctrina</strong></span> <span class='ocrx_word' id='word_1_297' title='bbox 948 4457 1110 4511; x_wconf 83' lang='lat' dir='ltr'><strong>brevissime</strong></span> <span class='ocrx_word' id='word_1_298' title='bbox 1136 4459 1301 4525; x_wconf 83' lang='lat' dir='ltr'><strong>significarit</strong></span> 
     </span>
     <span class='ocr_line' id='line_1_38' title="bbox 124 4542 905 4613; baseline 0 -15"><span class='ocrx_word' id='word_1_299' title='bbox 124 4544 244 4598; x_wconf 81' lang='lat' dir='ltr'><strong>Schultz</strong></span> <span class='ocrx_word' id='word_1_300' title='bbox 264 4542 298 4597; x_wconf 87' lang='lat' dir='ltr'><strong>dc</strong></span> <span class='ocrx_word' id='word_1_301' title='bbox 317 4542 418 4611; x_wconf 82' lang='lat' dir='ltr'><strong>Aphth.</strong></span> <span class='ocrx_word' id='word_1_302' title='bbox 438 4560 463 4612; x_wconf 90' lang='lat' dir='ltr'><strong>p.</strong></span> <span class='ocrx_word' id='word_1_303' title='bbox 486 4545 515 4597; x_wconf 94' lang='grc'><strong>11</strong></span> <span class='ocrx_word' id='word_1_304' title='bbox 537 4546 599 4597; x_wconf 89' lang='lat' dir='ltr'><strong>adn.</strong></span> <span class='ocrx_word' id='word_1_305' title='bbox 621 4546 631 4597; x_wconf 96' lang='grc'>1</span> <span class='ocrx_word' id='word_1_306' title='bbox 654 4550 680 4597; x_wconf 91' lang='lat' dir='ltr'><strong>et</strong></span> <span class='ocrx_word' id='word_1_307' title='bbox 699 4562 726 4613; x_wconf 95' lang='lat' dir='ltr'><strong>p.</strong></span> <span class='ocrx_word' id='word_1_308' title='bbox 745 4546 778 4597; x_wconf 86' lang='grc'><strong>19</strong></span> <span class='ocrx_word' id='word_1_309' title='bbox 798 4546 860 4598; x_wconf 90' lang='lat' dir='ltr'><strong>adn.</strong></span> <span class='ocrx_word' id='word_1_310' title='bbox 882 4547 905 4598; x_wconf 92' lang='lat'><strong>1.</strong></span> 
     </span>
    </p>

    <p class='ocr_par' dir='ltr' id='par_1_6' title="bbox 221 4630 1072 4701">
     <span class='ocr_line' id='line_1_39' title="bbox 221 4630 1072 4701; baseline 0.004 -18"><span class='ocrx_word' id='word_1_311' title='bbox 221 4630 241 4699; x_wconf 83' lang='lat'><strong>⁸)</strong></span> <span class='ocrx_word' id='word_1_312' title='bbox 261 4630 294 4683; x_wconf 87' lang='lat' dir='ltr'><strong>cl.</strong></span> <span class='ocrx_word' id='word_1_313' title='bbox 314 4630 393 4683; x_wconf 85' lang='lat' dir='ltr'><strong>Dion.</strong></span> <span class='ocrx_word' id='word_1_314' title='bbox 413 4632 447 4685; x_wconf 87' lang='lat' dir='ltr'><strong>de</strong></span> <span class='ocrx_word' id='word_1_315' title='bbox 467 4648 488 4686; x_wconf 91' lang='lat' dir='ltr'><strong>c.</strong></span> <span class='ocrx_word' id='word_1_316' title='bbox 507 4648 533 4685; x_wconf 81' lang='lat' dir='ltr'><strong>v.</strong></span> <span class='ocrx_word' id='word_1_317' title='bbox 552 4649 577 4699; x_wconf 94' lang='lat' dir='ltr'><strong>p.</strong></span> <span class='ocrx_word' id='word_1_318' title='bbox 597 4632 630 4683; x_wconf 76' lang='lat' dir='ltr'><strong>le</strong></span> <span class='ocrx_word' id='word_1_319' title='bbox 650 4632 726 4695; x_wconf 88' lang='lat' dir='ltr'><strong>Sch.;</strong></span> <span class='ocrx_word' id='word_1_320' title='bbox 745 4632 775 4686; x_wconf 87' lang='lat' dir='ltr'><strong>G.</strong></span> <span class='ocrx_word' id='word_1_321' title='bbox 794 4633 888 4685; x_wconf 79' lang='lat' dir='ltr'><strong>Amsel</strong></span> <span class='ocrx_word' id='word_1_322' title='bbox 907 4633 926 4687; x_wconf 94' lang='lat' dir='ltr'><strong>l.</strong></span> <span class='ocrx_word' id='word_1_323' title='bbox 945 4650 967 4686; x_wconf 89' lang='lat' dir='ltr'><strong>c.</strong></span> <span class='ocrx_word' id='word_1_324' title='bbox 986 4634 1072 4701; x_wconf 66' lang='lat'><strong>12:36.</strong></span> 
     </span>
    </p>
   </div>
   <div class='ocr_carea' id='block_1_5' title="bbox 0 0 1734 5200">
    <p class='ocr_par' dir='ltr' id='par_1_7' title="bbox 0 0 1734 5200">
     <span class='ocr_line' id='line_1_40' title="bbox 0 0 1734 5200; baseline 0 1"><span class='ocrx_word' id='word_1_325' title='bbox 0 0 1734 5200; x_wconf 95' lang='lat' dir='ltr'><strong> </strong></span> 
     </span>
    </p>
   </div>
  </div>
 </body>
</html>
