3459 5200
923 415 967 479 52

839 504 1053 513 -ο-

332 609 492 694 syllabam
517 609 624 693 capite
638 607 731 674 XXV
752 615 796 693 (p.
812 611 889 686 318,
907 612 945 675 11
958 629 1028 692 sqq.
1044 607 1095 675 ed.
1111 605 1267 689 Scbaet),
1291 627 1354 690 quo
1369 607 1566 674 Demosthe·

331 716 383 782 nis
411 715 566 781 orationis
595 722 707 780 contra
735 715 967 781 Aristocraten
997 714 1129 784 habitae
1155 712 1398 800 paragraphum
1425 714 1566 798 primam

330 822 562 906 interpretatus
600 829 726 887 sextum
763 820 850 905 quod
883 821 996 887 statuit
1028 821 1123 886 oolon
1155 820 1237 903 (ἀλλ’
1266 819 1347 906 εἴπερ
1382 817 1430 905 ἄρ’
1458 818 1566 905 ὀρθῶς

330 929 389 1012 ἐγὼ
421 929 586 1015 λογίζομαι)
621 927 669 993 ita
697 926 872 1014 descripsit
903 933 948 1012 (p.
971 928 1046 1005 392,
1065 927 1140 1014 11)ι
1172 923 1273 992 τὶοὖν
1303 929 1440 1010 βοὺλεται
1469 930 1562 993 πάλιν

327 1041 362 1102 τὸ
385 1039 534 1122 προσεχὲς
555 1037 650 1118 roboot
672 1036 772 1100 κῶλον
796 1035 830 1116 (i.
848 1055 876 1101 e.
900 1038 1054 1117 sextum);
1076 1031 1211 1119 ἰαμβειον
1233 1040 1290 1116 γάρ
1312 1032 1373 1099 ἐστι
1397 1039 1450 1099 καὶ
1472 1043 1564 1100 τοῦτο

327 1148 479 1230 τρίμετρον
503 1140 609 1226 ὀρθόν·

543 1243 611 1312 dlb'
635 1247 714 1333 εἴπερ
737 1243 819 1332 ἆρ’ῑ)
843 1245 948 1333 ὀρθῶς
971 1246 1029 1327 ἐγὼ
1053 1250 1209 1334 λογίζομαι

328 1365 381 1422 τοῦ
396 1354 464 1439 ἄρα
478 1355 639 1439 συνδέσμου
655 1358 774 1440 μακρὰν
797 1356 1006 1440 λαμβάνοντος
1027 1357 1083 1440 τὴν
1105 1359 1249 1439 προτέραν
1263 1356 1428 1439 συλλαβήν.
1452 1353 1562 1435 Agno-

329 1463 377 1527 vit
412 1461 474 1526 boc
509 1460 581 1526 loco
617 1460 795 1544 Dionysius
832 1479 905 1526 eum
937 1460 1118 1545 particulae
1149 1459 1212 1545 ἄρα
1245 1480 1339 1526 nanm
1370 1480 1464 1542 quern
1496 1469 1561 1524 tra·

330 1569 421 1653 gieos
455 1574 570 1653 poetas
600 1565 809 1632 adamavisse
841 1565 963 1632 diserte
996 1567 1106 1633 docuit
1142 1574 1257 1632 auctor
1288 1568 1441 1651 anonymi
1472 1565 1563 1650 qnod

328 1675 449 1758 legitur
480 1675 513 1738 in
545 1672 659 1739 codice
687 1672 873 1739 Florentino
906 1693 952 1741 nr.
982 1675 1023 1740 21
1058 1672 1174 1740 scholii
1205 1673 1250 1739 ad
1281 1674 1356 1738 Eur.
1385 1671 1440 1739 Or.
1473 1675 1561 1740 1335

272 1783 274 1787 ’
329 1782 382 1862 (cf.
412 1780 516 1848 Sobol.
546 1779 818 1844 Ειιτ.ο(1.1)1ιι(1.
847 1787 923 1844 tom.
952 1780 985 1844 Π
1014 1800 1044 1864 p.
1070 1782 1146 1864 295,
1174 1786 1203 1859 1)
1240 1782 1275 1846 τὸ
1308 1779 1379 1865 ἄρα
1415 1779 1464 1845 ἐπὶ
1495 1792 1561 1854 τοῖς

327 1899 482 1974 τραγικοῖς
508 1889 726 1970 σιλλογιοτιιιὸν
754 1884 787 1952 ὃν
815 1891 869 1951 aab
895 1885 1119 1971 παροξίινεταθ)
1145 1892 1199 1952 καὶ
1222 1898 1458 1972 προτσρισιτᾶται
1478 1891 1562 1953 κατὰ

328 2000 383 2082 τὴν
410 2003 463 2060 τοῦ
491 1999 597 2080 μέτρου
625 1993 741 2080 χρείαν.
794 1991 842 2057 cf.
872 1992 972 2059 schol.
1002 1992 1047 2058 ad
1074 1993 1148 2058 Eur.
1173 1993 1240 2058 Ion.
1268 1995 1354 2060 1023
1381 1993 1428 2071 (ἰιι
1450 1993 1561 2060 Scbol.

329 2102 404 2167 Eur.
437 2100 488 2166 ed.
517 2099 614 2164 Dind.
644 2107 720 2164 tom.
749 2099 793 2163 IV
818 2100 897 2180 218)
928 2107 961 2166 et
988 2098 1090 2165 schol.
1118 2099 1161 2165 ad
1189 2098 1289 2185 Sopb.
1318 2099 1368 2165 Αἰ.
1397 2101 1464 2167 905
1493 2099 1559 2180 (ed.

329 2207 426 2274 Dind.
450 2214 526 2273 tom.
551 2206 727 2290 11223).³)

419 2313 651 2379 Productam
687 2314 861 2379 vocalem
895 2322 920 2399 1,
957 2334 1031 2397 qua
1067 2315 1299 2380 terminatur
1335 2335 1420 2401 vox,
1457 2313 1561 2380 semel

331 2421 526 2506 corripuisse
552 2419 681 2487 videtur
709 2421 889 2505 Dionysius
916 2422 988 2487 loco
1015 2423 1155 2487 maxime
1184 2421 1291 2488 dubio.
1339 2421 1450 2487 Voluit
1473 2421 1559 2486 enim

329 2528 507 2615 Dionysius
529 2547 610 2593 voce
633 2528 732 2613 [VIII]
758 2533 872 2594 τουτονὶ
895 2527 981 2594 effici
1000 2535 1057 2594 aut
1073 2529 1225 2595 creticum
1241 2528 1360 2615 pedem
1375 2536 1432 2594 aut
1446 2535 1561 2594 contra

329 2636 526 2703 cotidianum
540 2634 670 2701 dicendi
682 2655 773 2701 usum
785 2635 963 2701 bacchium.
988 2636 1081 2701 Hanc
1093 2656 1208 2703 vocem
1222 2656 1240 2701 e
1254 2638 1444 2722 pronomine
1452 2646 1561 2702 τοῦτον

330 2751 363 2809 et
380 2742 487 2807 vocali
504 2742 706 2828 paragoglca
725 2752 738 2805 Ι
762 2743 975 2827 compositam
994 2762 1067 2809 esse
1086 2744 1157 2827 ipso
1177 2742 1287 2810 docuit
1304 2764 1337 2828 p.
1354 2747 1407 2829 94,
1430 2745 1469 2811 14
1492 2742 1509 2808 ὅ
1528 2766 1561 2809 τε

327 2854 386 2934 γὰρ
409 2852 501 2930 λέγων
525 2845 578 2933 ,εἰς
599 2852 713 2915 τουτονὶ
735 2853 787 2915 τὸν
810 2848 923 2933 ἀγῶνα*
945 2853 1140 2935 προστέθειιιὲ
1153 2874 1183 2916 τι
1197 2862 1236 2937 τῇ
1251 2849 1418 2938 ἆντιιννμίο
1435 2855 1562 2937 γράμμα

327 2969 383 3043 τῆς
407 2958 576 3028 συνθέσεως
600 2955 634 3037 (i.
654 2976 681 3021 e.
706 2967 765 3021 τῶν
790 2954 957 3042 ὀνομάτων)
981 2962 1217 3045 στοχαζόμενος·
1241 2956 1341 3041 ἄρτιον
1364 2961 1422 3042 γὰρ
1444 2956 1483 3044 ἦν
1506 2953 1562 3031 ,εἰς

327 3072 428 3129 τοῦτον
451 3066 499 3128 τὸν
524 3061 637 3143 ἀγῶνα
661 3060 763 3128 εἰπεῖν.
809 3063 926 3146 Itaque
949 3063 1111 3148 syllabam
1129 3068 1211 3143 TON,
1235 3063 1388 3147 quoniam
1413 3070 1462 3129 est
1484 3084 1560 3148 pro·

328 3169 466 3235 nominis
489 3178 593 3235 τοῦτον
617 3169 745 3254 syllaba
769 3169 877 3236 finalis
897 3178 930 3235 et
942 3172 1132 3236 terminatur
1144 3170 1270 3255 liquida
1289 3176 1324 3255 N,
1347 3191 1389 3236 ex
1404 3191 1446 3236 ea
1460 3190 1561 3253 qnam

328 3296 427 3361 snpra
451 3276 621 3341 statuimus
646 3275 687 3342 de
710 3276 848 3361 syllabis
871 3275 1023 3343 finalibus
1049 3278 1268 3363 producendis
1297 3278 1371 3361 lege
1393 3277 1557 3361 Dionysio

327 3381 506 3467 producere
542 3382 642 3448 lienit.
705 3383 863 3450 Crederes
904 3384 1098 3469 Dionysium
1134 3384 1286 3451 docuisse
1320 3404 1402 3450 voce
1437 3388 1560 3451 τουτονὶ

329 3488 415 3553 effici
444 3496 500 3553 ant
528 3490 680 3556 creticum
711 3499 769 3555 aut
795 3490 984 3568 molossum
1017 3501 1120 3557 ntrum
1144 3513 1202 3559 sno
1226 3493 1297 3559 iure
1319 3513 1362 3557 an
1385 3510 1560 3577 perperam

327 3595 474 3661 vocalem
499 3604 512 3659 Ι
534 3595 623 3661 illanr
647 3597 846 3682 corripuerit,
872 3598 1025 3683 equidem
1046 3599 1191 3665 iudicare
1214 3620 1278 3665 non
1302 3600 1416 3666 ausim.

420 3930 440 3997 1)
460 3932 585 3987 Correxit
603 3933 743 3999 Schaelem
767 3931 807 4003 ἄρ’
827 3936 903 4007 vulg.

418 4038 439 4105 ²)
458 4040 576 4105 Correxi,
595 4038 804 4111 προπαροξύνεται
823 4044 881 4097 cod.

418 4142 439 4211 ³)
458 4144 613 4200 Identidem
631 4142 682 4217 ἆρα
700 4166 750 4217 pro
769 4144 828 4219 ἄρα,
851 4150 899 4204 sed
921 4168 957 4205 ne
980 4151 1065 4205 semel
1082 4151 1195 4219 quidem
1213 4149 1265 4221 ἄρα
1283 4170 1333 4222 pro
1350 4153 1560 4223 interrogativa

327 4233 467 4303 particula
486 4229 537 4304 ἆρα
555 4240 719 4305 usurpatum
738 4254 796 4291 esse
815 4238 909 4293 docuit
927 4239 1048 4304 Ellendt,
1067 4240 1185 4295 Lexicon
1204 4240 1387 4311 Sophocleum
1411 4261 1432 4296 a
1450 4261 1476 4295 ν.
1496 4238 1560 4311 ἄρα.

327 4323 366 4379 01.
386 4324 472 4378 etiam
491 4326 512 4377 I.
526 4324 559 4379 A.
572 4326 709 4396 Hartung‚
729 4327 815 4382 Lehre
834 4346 889 4383 von
904 4328 957 4383 den
971 4330 1116 4383 Partilreln
1132 4330 1180 4384 der
1192 4332 1296 4400 griech.
1311 4332 1432 4401 Spracbe
1449 4332 1526 4387 Part.
1544 4334 1560 4388 1

325 4410 454 4482 (Erlang.
475 4413 556 4481 1832)
583 4432 609 4483 p.
628 4415 750 4484 tbbsqq.
775 4421 804 4472 et
828 4418 874 4472 W.
893 4418 1064 4484 Baeumlein‚
1089 4420 1340 4491 Untorsuchungen
1362 4422 1430 4477 tiber
1451 4422 1559 4491 grieoln.

327 4500 470 4556 Partilreln
489 4502 651 4572 (stuttgart.
673 4504 755 4571 1861)
773 4523 799 4575 p.
818 4506 854 4561 25
863 4523 923 4575 sqq.
942 4510 971 4562 et
989 4508 1032 4563 33.
1070 4508 1114 4563 Ab
1132 4509 1185 4563 hac
1203 4510 1330 4565 doctrina
1348 4510 1442 4565 aliena
1460 4516 1503 4567 est
1521 4529 1559 4567 ea

325 4588 359 4643 de
377 4590 579 4659 particularum
597 4588 647 4661 ἄρα
666 4597 695 4648 et
713 4588 764 4663 ἆρα
782 4612 833 4648 usu
852 4595 980 4651 doctrina
998 4614 1082 4665 quarn
1101 4598 1221 4653 tradidit
1238 4600 1393 4655 Demetrius
1407 4600 1560 4657 'lbioliniua

324 4677 361 4731 ad
379 4678 477 4733 Aesch.
496 4679 570 4748 Sept.
591 4681 626 4735 32
645 4684 674 4736 et
692 4682 756 4737 Eur.
776 4682 820 4739 Or.
843 4684 907 4749 190;
931 4685 965 4740 ct.
983 4702 1044 4755 cap.
1060 4686 1121 4753 1111,
1140 4686 1176 4742 Il.
