3459 5200
805 442 849 509 35

256 636 372 705 Artax.
396 638 428 722 5,
453 638 474 703 3
497 646 560 703 ταῖν
583 647 684 725 χεροῖν
706 635 863 721 ἀπολαβών

176 744 179 751 '
257 743 301 810 de
323 744 379 811 lib.
404 742 498 813 edne.
525 747 567 812 10
589 765 621 830 p.
644 746 699 812 8A
722 746 799 811 δυεῖν
822 744 914 811 ὄντοιν
936 754 995 811 τοῖν
1018 750 1161 832 μεγίστοιν
1184 744 1312 826 ἀγαθοῖν

258 849 300 916 de
324 849 418 919 amic.
440 850 529 917 mult.
554 853 575 917 6
598 872 630 937 p.
654 852 731 919 9512
754 851 813 916 ἀπὸ
837 853 914 919 δυεῖν
937 862 1036 939 χεροῖν

255 956 300 1024 de
324 957 488 1043 superstit.
513 960 534 1025 8
557 978 589 1042 p.
616 958 710 1026 16811
732 964 774 1024 τὼ
797 968 882 1045 χεῖρε
905 960 995 1046 δῆσαι

256 1062 299 1130 de
322 1071 449 1149 tranqu.
474 1064 570 1131 anim.
597 1066 639 1133 10
660 1086 692 1151 p.
716 1065 817 1132 4711
840 1068 921 1134 δυοῖν
944 1068 1072 1152 χαλκοῖν
1095 1062 1116 1153 ἡ
1140 1065 1233 1153 χοῖνιξ

256 1170 300 1238 de
323 1190 398 1238 sera
420 1192 504 1237 num
529 1170 617 1239 vind.
643 1174 685 1238 14
707 1193 740 1258 p.
764 1172 862 1238 558ss
884 1178 926 1237 τὼ
948 1173 1022 1239 τόδε
1044 1176 1211 1259 βρέχοντας

255 1286 382 1362 quaest.
397 1298 488 1347 conv.
506 1282 536 1359 2,
547 1281 578 1357 4,
593 1283 608 1345 1
625 1300 656 1365 p.
668 1279 767 1347 6381}
789 1282 883 1364 τοιίτιμ
900 1283 958 1364 γὰρ
975 1281 1105 1366 μάλιστα
1120 1292 1162 1366 τῷ
1176 1286 1257 1367 μέρει
1269 1288 1328 1346 τοῖν
1342 1288 1441 1366 χεροῖν

470 1387 502 1470 9,
520 1386 572 1469 15,
588 1388 608 1451 2
626 1407 658 1472 p.
670 1384 766 1451 1480
789 1388 976 1471 παρακαλεῖν
998 1390 1040 1452 τὼ
1062 1397 1146 1473 χεῖρε
1167 1390 1221 1451 καὶ
1241 1391 1283 1451 τὼ
1305 1387 1377 1451 πόδε

256 1498 381 1576 quaest
404 1492 487 1559 Plat.
511 1494 543 1572 2,
568 1494 589 1559 2
611 1513 642 1578 p.
669 1491 785 1560 10010
809 1495 885 1559 δυεῖν
906 1492 1013 1571 ὄντοιν,
1036 1492 1069 1565 ἐξ
1092 1490 1193 1562 ὧν...

257 1599 298 1665 de
322 1618 434 1666 comm.
459 1605 524 1664 not.
550 1600 592 1666 25
614 1619 646 1684 p.
674 1599 791 1667 101οΕ
815 1601 894 1666 δυοῖν
916 1610 1022 1666 κακοῖν

256 1725 320 1771 non
344 1725 442 1790 posse
465 1726 555 1773 suar.
582 1708 623 1796 14
646 1727 678 1792 ρ.
706 1706 824 1773 109613
847 1708 926 1772 δυοῖν
950 1705 1054 1773 ὄντοιν.

300 1812 391 1877 Eum.
419 1816 470 1898 11,
497 1814 537 1880 15
566 1815 641 1878 δυοῖν
666 1813 794 1879 σταδίοιν
818 1820 850 1878 et
872 1813 984 1899 Pomp.
1007 1814 1060 1892 54,
1084 1813 1128 1881 35
1159 1813 1238 1880 δυοῖν
1267 1823 1369 1901 μηνοῖν
1392 1831 1439 1878 re·

211 1918 346 1987 tinenda
369 1927 458 2005 sunt,
489 1939 560 1985 cum
583 1924 706 1985 tantum
729 1918 763 1985 in
786 1919 877 1986 libris
901 1919 1115 1986 deterioribus
1137 1922 1262 1987 σταδίοιν
1285 1927 1318 1986 et
1341 1932 1441 2009 μηνῶν

212 2026 347 2111 legatur.
388 2027 549 2113 Pompei.
574 2029 626 2112 53,
649 2030 691 2094 41
722 2029 799 2093 δυοῖν
828 2026 942 2112 ἀνδροῖν
970 2047 1034 2092 non
1063 2047 1136 2093 cnm
1158 2027 1202 2090 F·
1222 2026 1250 2091 F
1273 2026 1440 2095 codicibus

212 2134 244 2198 in
268 2132 377 2222 ἀμφοῖν
399 2130 586 2199 mutandum
611 2153 685 2200 esse
708 2134 844 2218 quisque
871 2132 969 2199 videt
1020 2132 1113 2200 ans.
1137 2134 1191 2218 31,
1215 2136 1236 2200 3
1264 2138 1342 2221 μετὰ
1365 2137 1439 2201 ἀνεῖν

210 2246 367 2328 ταγμάτων
395 2240 499 2305 forma
525 2238 671 2323 vulgaris
700 2240 828 2306 facilins
856 2241 933 2307 oriri
961 2247 1089 2325 poterat
1117 2260 1156 2308 ex
1180 2242 1258 2308 δυοῖν
1282 2246 1439 2330 ταγμάτοιν

210 2347 332 2414 codicis
357 2348 394 2427 0,
424 2367 520 2431 quam
549 2347 750 2413 contrarium.
797 2345 905 2423 Quare
928 2349 1006 2413 δυοῖν
1028 2354 1189 2435 ταγμάτοιν
1212 2369 1286 2415 mea
1309 2347 1438 2432 quidem

209 2455 373 2521 sententia
391 2452 611 2539 reponendum
630 2460 690 2523 est.
729 2454 779 2519 De
799 2474 873 2521 sera
891 2474 976 2519 num.
992 2453 1081 2521 vind.
1096 2458 1118 2522 2
1140 2476 1171 2540 p.
1187 2455 1288 2523 5491
1310 2461 1351 2521 τὼ
1365 2458 1438 2521 τόδε

209 2568 335 2629 tantum
349 2582 370 2628 a
383 2560 544 2647 prioribus
559 2559 738 2627 editoribus
755 2559 931 2628 secundnm
947 2561 1053 2628 locum
1068 2560 1271 2629 consimilem
1293 2561 1438 2629 eiusdem

211 2669 286 2735 libri
312 2671 352 2736 14
375 2688 405 2755 p.
421 2669 520 2736 5581]
534 2669 688 2734 insertum
712 2675 776 2744 est;
800 2667 1021 2734 Bernardakis
1043 2669 1113 2734 inre
1136 2669 1267 2735 exulare
1289 2669 1394 2739 iussit.

299 2775 425 2842 Desunt
443 2775 544 2859 igitur
557 2775 664 2841 dualis
678 2775 857 2855 verborum,
883 2783 916 2840 et
932 2775 1057 2860 primae
1072 2774 1300 2842 declinationis
1314 2774 1437 2843 formae

210 2883 243 2948 iu
266 2906 318 2967 -ας
349 2882 478 2948 articuli
500 2901 627 2966 qnoque
650 2882 754 2947 forma
776 2882 810 2947 in
834 2902 954 2966 genere
980 2881 1133 2948 feminino
1161 2882 1438 2949 nom-accusativi

209 2990 299 3055 nulla
321 2990 385 3057 nisi
409 2989 585 3055 communis
607 2994 648 3054 τώ
672 2995 788 3059 exstat.
826 3011 889 3054 -αιν
912 2989 1090 3074 reperimus
1109 2994 1233 3054 tantum
1253 2989 1286 3054 in
1300 2989 1437 3056 formula

208 3107 270 3163 ταῖν
294 3099 390 3182 θεαῖν,
414 3103 528 3180 quant
542 3116 640 3181 supra
655 3107 698 3181 (p.
713 3094 770 3183 24)
786 3105 845 3161 τοῖν
857 3095 940 3161 θεοῖν
955 3103 988 3161 et
1001 3095 1086 3161 infra
1108 3101 1149 3161 τὼ
1164 3099 1228 3160 θεὼ
1242 3094 1325 3178 (Alc
1342 3099 1392 3183 19,
1402 3098 1437 3180 9)

210 3203 309 3270 Ceres
334 3209 366 3269 et
389 3203 585 3288 Proserpina
608 3201 841 3287 significantur.
887 3201 1025 3268 Articuli
1052 3202 1156 3269 forma
1182 3209 1215 3268 et
1236 3213 1300 3268 ταῖν
1323 3211 1357 3268 et
1376 3213 1436 3270 τοῖν

210 3310 372 3376 scribitur:
405 3319 473 3375 ταῖν
500 3317 630 3395 praeter
660 3309 830 3375 formulam
857 3329 954 3392 quam
980 3308 1077 3374 modo
1105 3310 1352 3375 commemoravi
1374 3321 1437 3378 ταῖν

208 3419 295 3482 θεαῖν
325 3416 453 3500 (Timol
476 3419 507 3494 8,
534 3417 565 3498 1)
596 3415 695 3484 Arist.
722 3417 849 3502 11,14.
897 3416 1091 3495 Antonii,
1118 3418 1168 3484 11.
1212 3415 1325 3485 Artax.
1348 3417 1379 3495 5,
1403 3417 1435 3502 3,

208 3533 269 3588 τοῖν
291 3523 382 3591 Aem.
407 3523 499 3588 Paul.
519 3525 639 3608 25,10.
678 3528 803 3607 quaest.
819 3543 910 3588 conv.
934 3525 966 3599 2,
980 3525 1048 3603 4,1
1071 3545 1104 3608 p.
1120 3523 1227 3590 63811.
1266 3522 1436 3590 Secundae

210 3630 437 3697 declinationis
465 3629 570 3695 forma
598 3631 631 3695 in
658 3656 700 3696 -o
727 3651 792 3696 non
818 3629 978 3715 reperitur
998 3629 1063 3697 nisi
1085 3630 1118 3695 in
1142 3630 1279 3695 formula
1305 3635 1373 3716 περὶ
1393 3636 1436 3697 τὼ

208 3741 275 3802 θεώ
305 3737 376 3805 Alc.
403 3739 452 3812 19,
477 3740 497 3804 9
522 3737 635 3818 (Ceres
659 3745 692 3802 et
714 3735 926 3823 Proserpina)
956 3756 997 3802 ex
1024 3737 1232 3802 accusatione
1255 3736 1435 3804 Alcibiadis

209 3846 335 3929 (22,14
359 3843 469 3910 ἀδικεῖν
493 3849 560 3930 περὶ
581 3850 622 3908 τὼ
644 3849 720 3920 θεὼ,
743 3848 800 3930 τὴν
814 3843 980 3932 Δήμητραν
1001 3847 1054 3908 καὶ
1076 3848 1131 3930 τὴν
1154 3841 1273 3930 Κόρην)
1296 3844 1435 3929 repetita

209 3956 241 4016 et
268 3951 301 4014 in
330 3950 501 4017 adiectivis
531 3950 659 4034 ἀνεγγθιυ
681 3955 734 4017 καὶ
761 3956 869 4016 σκοτίω
895 3950 993 4016 Thes.
1016 3952 1047 4033 2,
1071 3952 1103 4034 2,
1131 3969 1216 4032 quae
1242 3948 1435 4017 Plutarchus

208 4056 361 4141 fortasse,
388 4065 424 4122 ut
450 4057 552 4123 verba
582 4058 751 4142 sequentia
778 4078 819 4124 ex
845 4057 1000 4142 Homero,
1029 4055 1161 4123 aliunde
1188 4057 1312 4122 libavit
1357 4057 1434 4122 Ter·

207 4163 395 4232 minationis
410 4187 468 4231 -οιν
484 4164 649 4232 secundae
665 4163 891 4231 declinationis
910 4165 1080 4248 genetivus
1100 4171 1133 4229 et
1147 4164 1433 4232 substantivorum:

207 4273 344 4348 σταδίοιν,
368 4275 506 4359 χαλκοῖν,
534 4283 649 4350 κακοῖν,
678 4273 815 4356 ἀγαθοῖν,
845 4271 1024 4338 ἀκολουθοιν
1048 4278 1081 4337 et
1103 4270 1351 4336 adiectivornm:
1380 4295 1434 4359 με·

207 4389 314 4461 γῖστοιν
342 4386 374 4444 et
401 4378 580 4464 participii:
613 4382 868 4468 προστιθεμένου,
904 4379 1019 4446 tertiae
1051 4377 1278 4445 declinationis
1310 4377 1433 4445 formae

207 4486 240 4551 in
263 4511 277 4550 ε
300 4505 468 4554 nom-ace.
492 4496 576 4574 χεῖρε
600 4493 659 4570 ter,
684 4489 756 4552 τόδε
780 4496 896 4571 quater
919 4492 952 4552 ct
974 4485 1128 4570 gen-dat.
1151 4486 1185 4550 in
1200 4508 1241 4550 οιν
1258 4485 1431 4553 substant:

207 4596 364 4678 βασιλέοιν,
389 4603 500 4680 μηνοῖν,
524 4600 692 4681 ταγμάτοιν,
716 4605 815 4682 χεροῖν
831 4593 954 4678 novies,
979 4593 1110 4677 ἀγώνοιν,
1135 4591 1251 4678 ἀνδροῖν
1268 4599 1300 4657 et
1318 4591 1434 4679 partic.

205 4700 297 4768 ὄντοιν
320 4707 370 4766 ter
392 4700 606 4769 inveniuntur.
876 4685 879 4691 ⁵

1238 4805 1272 4860 3*
