3459 5200
950 401 993 466 32

871 489 1079 501 ———-——

449 595 481 663 S.
504 595 564 682 Ep.
588 598 640 664 92.
661 597 717 664 25:
751 595 840 662 vitiis
870 596 990 662 uostris
1020 618 1132 662 numen
1162 594 1291 664 uirtutis
1322 597 1507 680 inponimus.
1541 592 1586 661 de

359 705 445 774 brev.
469 704 556 770 vitae
578 703 642 768 Xll
661 706 696 772 9:
720 704 792 772 Nou
815 709 866 769 est
889 723 967 786 ergo
991 701 1044 768 bio
1066 703 1199 788 otiosus,
1222 701 1312 769 alind
1335 701 1382 767 illi
1405 725 1517 768 nomen
1538 706 1586 768 ta-

354 833 471 896 pooos:
494 831 594 894 aeger
615 817 674 896 est,
697 810 793 876 immo
818 817 960 876 mortuus
984 817 1050 892 est3
1073 809 1130 876 ille
1152 809 1278 876 otiosus
1301 815 1361 894 est,
1384 808 1436 875 eui
1456 808 1514 875 otii
1534 809 1587 876 sui

360 924 393 984 et
416 938 531 985 seusus
554 925 612 985 est

449 1133 488 1202 Τ.
511 1131 594 1198 Anu.
617 1131 694 1198 xiv
717 1133 770 1200 56.
798 1135 852 1198 14:
878 1131 1013 1217 Seneca,
1044 1131 1099 1215 qui
1129 1131 1203 1198 tiuis
1231 1130 1371 1198 omnium
1399 1154 1468 1198 cum
1490 1134 1589 1198 domi-

359 1249 453 1306 ouute
476 1259 667 1326 sermonum,
688 1247 792 1323 quotes
814 1242 886 1322 oqit.

450 1365 482 1435 S.
498 1362 540 1431 do
557 1363 607 1430 ira
629 1363 661 1428 Il
684 1365 738 1433 33.
753 1366 789 1432 2:
813 1362 992 1431 Notissima
1013 1384 1077 1429 vox
1097 1370 1147 1430 est
1165 1364 1245 1450 eius,
1268 1364 1323 1448 qui
1336 1368 1371 1430 ia
1383 1366 1467 1430 atita
1480 1386 1588 1447 requm

360 1477 593 1550 consenueratz,
613 1491 685 1537 oum
703 1471 792 1538 illum
812 1469 944 1554 qnidam
961 1471 1185 1556 interrogaret,
1204 1471 1365 1555 quomodo
1385 1471 1590 1537 rarissimam

360 1601 426 1646 rem
450 1584 484 1645 ia
506 1581 579 1645 uolo
601 1584 793 1646 consecutus
817 1584 914 1664 esset,
937 1584 1149 1644 senectutem:
1176 1578 1360 1662 ,iniurias“,
1376 1579 1488 1664 inquit,
1513 1599 1590 1658 ,ae-

260 1716 262 1720 ·
361 1687 511 1774 oipieudo
535 1692 568 1752 et
591 1690 711 1770 qrotr'ua
738 1688 885 1770 nqendoJ
914 1705 1015 1772 saepe
1042 1685 1126 1752 adeo
1153 1686 1303 1752 iniuriam
1326 1686 1494 1753 vindicare
1523 1705 1594 1751 non

362 1793 503 1882 expedit,
526 1800 561 1860 ut
584 1815 625 1860 ue
648 1793 743 1860 fateri
768 1792 899 1878 quidem
922 1792 1087 1880 expediat.

449 2009 488 2076 Τ.
512 2008 594 2076 Anu.
618 2007 838 2078 xillano:
866 2011 955 2074 detur
977 2010 1032 2073 boe
1053 2011 1229 2074 inlustrium
1250 2011 1387 2074 uirorum
1404 2011 1595 2093 posteritati,

361 2124 396 2182 ut
418 2137 476 2200 quo
498 2117 589 2180 modo
613 2115 776 2199 exsequiis
805 2135 826 2181 a
853 2115 1016 2200 promises
1047 2116 1214 2201 sepultura
1247 2122 1451 2201 separantur,
1485 2119 1529 2180 r'to
1554 2115 1595 2180 in

363 2221 538 2288 traditione
562 2242 781 2308 supremorum
805 2222 970 2308 accipiant
987 2221 1193 2306 habeantque
1211 2221 1377 2308 propriam
1396 2223 1597 2288 memoriam.

453 2347 485 2414 S.
507 2346 548 2413 de
565 2346 672 2416 benef.
689 2347 733 2414 lV
748 2349 801 2416 30.
816 2351 848 2415 t:
872 2345 1058 2432 Aliquando
1080 2345 1231 2413 daturum
1253 2367 1305 2412 me
1328 2347 1426 2414 etiam
1448 2346 1601 2431 indiguis

362 2453 524 2540 quaedam
547 2475 611 2520 uon
633 2455 821 2539 negaverim
849 2455 884 2520 iu
911 2453 1064 2521 bonorem
1096 2456 1242 2541 aliorum,
1274 2455 1359 2522 siout
1386 2455 1419 2520 in
1441 2453 1600 2541 petendis

362 2561 538 2629 bonoribus
553 2561 712 2647 quosdam
727 2562 932 2649 turpissimos
950 2562 1105 2630 nobilitas
1124 2561 1293 2630 industriis
1312 2561 1370 2629 sed
1390 2561 1483 2631 novis
1498 2581 1599 2648 prae-

363 2670 436 2736 tulit
459 2692 522 2737 uon
546 2671 616 2737 sine
646 2671 786 2755 ratione3
819 2692 916 2739 saera
948 2677 998 2738 est
1029 2691 1219 2755 magnarum
1245 2670 1400 2737 virtutum
1428 2670 1601 2755 memoria,

362 2785 394 2843 et
425 2798 499 2845 esse
531 2778 633 2845 bonos
666 2779 775 2864 plures
808 2779 912 2860 iuvat,
945 2780 974 2845 si
1002 2779 1109 2863 gratia
1136 2780 1291 2845 bonorum
1318 2798 1382 2843 uon
1409 2798 1482 2844 eum
1509 2778 1601 2863 ipsis

364 2884 462 2951 uadit.
496 2922 535 2933 -
569 2888 601 2953 4.
635 2888 695 2951 Hic
721 2890 848 2970 eqroylis
875 2888 1043 2953 moiombas
1066 2895 1153 2953 ortua
1175 2894 1235 2952 eat:
1265 2884 1508 2970 qualiscumque
1531 2894 1602 2971 est,

362 2992 421 3059 sub
451 2992 564 3058 umbra
591 3012 720 3059 suorum
751 2994 861 3059 lateat.
907 3002 943 3059 ot
964 2994 1038 3060 loca
1065 2992 1199 3061 sordida
1227 3012 1418 3078 repercussu
1442 2991 1520 3059 solis
1543 2992 1602 3058 in-

363 3099 547 3183 lustrantur,
571 3103 614 3165 ito
638 3100 756 3167 inertes
780 3100 937 3166 maiomm
961 3120 1090 3167 suorum
1113 3100 1187 3167 luee
1209 3098 1449 3185 resplendeant.
1483 3101 1536 3167 31.
1554 3102 1601 3165 l:

364 3206 529 3273 Excusare
552 3205 615 3271 boo
637 3208 709 3272 looo
732 3207 801 3292 tibi,
825 3208 868 3273 mi
893 3207 1062 3292 Liberalis,
1086 3205 1166 3273 deos
1189 3207 1273 3273 uolo.
1320 3205 1480 3272 interdum
1504 3205 1600 3273 enim

363 3314 503 3381 solemus
526 3312 650 3380 dicere:
686 3311 792 3393 ,Quid
816 3314 878 3381 sibi
901 3314 1004 3379 voluit
1026 3312 1247 3400 providentia,
1270 3334 1354 3399 quae
1377 3313 1603 3393 Arrhidaeum

361 3440 462 3504 regno
485 3421 670 3507 inposuit?“
725 3424 777 3486 lili
800 3431 895 3505 potos
921 3423 977 3485 boo
998 3423 1122 3487 dutum?
1148 3425 1235 3507 putri
1262 3425 1328 3486 eiua
1356 3424 1462 3487 datam
1490 3429 1535 3486 est
1560 3431 1606 3487 et

355 3531 465 3612 suuni.
515 3526 644 3609 ,Quare
673 3527 708 3595 O.
738 3528 912 3594 Caesarem
935 3528 1005 3593 orbi
1037 3536 1193 3595 terrarum
1227 3528 1399 3615 praefecit,
1430 3527 1605 3595 bominem

363 3635 531 3717 sanguinis
548 3634 680 3701 bumaui
696 3634 921 3701 avidissimum
935 3639 1014 3701 ...2¹⁴
1054 3634 1139 3714 Quid
1163 3639 1263 3719 ergo?
1286 3645 1319 3701 tu
1340 3638 1396 3701 boc
1418 3638 1463 3701 illi
1484 3638 1607 3703 dotum

361 3748 479 3829 putas?
522 3746 628 3809 dotum
651 3753 695 3809 est
717 3748 805 3829 putri
830 3747 896 3809 eius
921 3744 1113 3824 Germanico,
1145 3744 1251 3809 dotum
1281 3766 1338 3810 ooo
1360 3764 1535 3829 proauoque
1556 3752 1608 3810 et

364 3857 440 3916 ante
463 3850 523 3917 bos
547 3850 622 3916 aliis
645 3871 708 3916 uon
732 3851 836 3917 miuus
859 3849 958 3916 elaris
987 3850 1074 3934 uiris,
1108 3849 1206 3916 etiam
1233 3851 1262 3917 si
1288 3850 1407 3937 priuati
1430 3869 1608 3937 paresque

363 3957 438 4024 aliis
461 3957 561 4023 vitam
586 3963 771 4041 exegerunt.

957 4176 998 4252 B.

467 4312 626 4381 oralionus
650 4311 802 4379 laaitiuae
825 4312 986 4379 sententiis
1008 4327 1027 4378 e
1049 4312 1167 4379 terreos
1190 4312 1295 4396 uelitis
1319 4314 1491 4380 ernostus.

453 4458 491 4523 Τ.
514 4457 598 4525 Hist.
623 4456 638 4521 l
662 4458 751 4523 30.1
779 4455 826 4537 (in
849 4455 978 4522 Pisonis
1007 4455 1180 4535 oratiouelr
1209 4454 1298 4523 Nibil
1321 4455 1488 4540 adrogabo
1510 4457 1605 4527 mihi

365 4563 548 4629 nobilitatis
570 4571 627 4629 aut
649 4561 844 4646 modestiae,
863 4583 968 4646 neque
991 4563 1076 4630 enim
1100 4564 1204 4629 relatu
1221 4564 1608 4649 virtutruainoompara-

364 4672 452 4739 tione
475 4668 611 4736 Othonis
635 4687 717 4756 opus
741 4678 798 4739 est.
822 4674 905 4753 uitio,
930 4670 1046 4755 quibus
1070 4670 1150 4737 solis
1173 4670 1337 4767 gloriatur,
1361 4678 1506 4740 evenere
1529 4672 1599 4741 im-
