<?xml version="1.0" encoding="UTF-8"?>
<!DOCTYPE html PUBLIC "-//W3C//DTD XHTML 1.0 Transitional//EN"
    "http://www.w3.org/TR/xhtml1/DTD/xhtml1-transitional.dtd">
<html xmlns="http://www.w3.org/1999/xhtml" xml:lang="en" lang="en">
 <head>
  <title>
</title>
<meta http-equiv="Content-Type" content="text/html;charset=utf-8" />
  <meta name='ocr-system' content='tesseract 3.04.00' />
  <meta name='ocr-capabilities' content='ocr_page ocr_carea ocr_par ocr_line ocrx_word'/>
</head>
<body>
  <div class='ocr_page' id='page_1' title='image "./detacitosenecae00zimmgoog_0021.png"; bbox 0 0 3459 5200; ppageno 0'>
   <div class='ocr_carea' id='block_1_1' title="bbox 973 379 994 444">
    <p class='ocr_par' dir='ltr' id='par_1_1' title="bbox 973 379 994 444">
     <span class='ocr_line' id='line_1_1' title="bbox 973 379 994 444; baseline 0 0"><span class='ocrx_word' id='word_1_1' title='bbox 973 379 994 444; x_wconf 87' lang='lat'>8</span> 
     </span>
    </p>
   </div>
   <div class='ocr_carea' id='block_1_2' title="bbox 374 571 1603 1624">
    <p class='ocr_par' dir='ltr' id='par_1_2' title="bbox 374 571 1603 1194">
     <span class='ocr_line' id='line_1_2' title="bbox 374 571 1603 658; baseline 0 -18"><span class='ocrx_word' id='word_1_2' title='bbox 374 577 566 643; x_wconf 89' lang='lat' dir='ltr'>Indaeorum</span> <span class='ocrx_word' id='word_1_3' title='bbox 585 581 618 640; x_wconf 90' lang='lat' dir='ltr'>et</span> <span class='ocrx_word' id='word_1_4' title='bbox 636 574 871 641; x_wconf 85' lang='lat' dir='ltr'>Germanorum</span> <span class='ocrx_word' id='word_1_5' title='bbox 890 571 1110 656; x_wconf 80' lang='lat' dir='ltr'>religionibus,</span> <span class='ocrx_word' id='word_1_6' title='bbox 1127 592 1211 656; x_wconf 88' lang='lat' dir='ltr'>quae</span> <span class='ocrx_word' id='word_1_7' title='bbox 1226 592 1298 637; x_wconf 91' lang='lat' dir='ltr'>cum</span> <span class='ocrx_word' id='word_1_8' title='bbox 1312 574 1458 637; x_wconf 84' lang='lat' dir='ltr'>Romana</span> <span class='ocrx_word' id='word_1_9' title='bbox 1472 592 1603 658; x_wconf 86' lang='lat' dir='ltr'>prorsus</span> 
     </span>
     <span class='ocr_line' id='line_1_3' title="bbox 374 679 1600 770; baseline -0.002 -21"><span class='ocrx_word' id='word_1_10' title='bbox 374 684 572 770; x_wconf 80' lang='lat' dir='ltr'>pugnabant,</span> <span class='ocrx_word' id='word_1_11' title='bbox 590 681 692 747; x_wconf 92' lang='lat' dir='ltr'>multa</span> <span class='ocrx_word' id='word_1_12' title='bbox 710 700 790 746; x_wconf 86' lang='lat' dir='ltr'>vera</span> <span class='ocrx_word' id='word_1_13' title='bbox 810 681 919 746; x_wconf 88' lang='lat' dir='ltr'>inessc</span> <span class='ocrx_word' id='word_1_14' title='bbox 935 699 1067 746; x_wconf 85' lang='lat' dir='ltr'>censere</span> <span class='ocrx_word' id='word_1_15' title='bbox 1081 679 1222 745; x_wconf 89' lang='lat' dir='ltr'>videtur:</span> <span class='ocrx_word' id='word_1_16' title='bbox 1245 679 1358 745; x_wconf 88' lang='lat' dir='ltr'>horum</span> <span class='ocrx_word' id='word_1_17' title='bbox 1377 687 1484 745; x_wconf 88' lang='lat' dir='ltr'>autem</span> <span class='ocrx_word' id='word_1_18' title='bbox 1503 701 1600 764; x_wconf 88' lang='lat' dir='ltr'>popu·</span> 
     </span>
     <span class='ocr_line' id='line_1_4' title="bbox 375 785 1599 873; baseline -0.002 -19"><span class='ocrx_word' id='word_1_19' title='bbox 375 791 478 856; x_wconf 88' lang='lat' dir='ltr'>lorum</span> <span class='ocrx_word' id='word_1_20' title='bbox 492 789 667 873; x_wconf 89' lang='lat' dir='ltr'>religiones</span> <span class='ocrx_word' id='word_1_21' title='bbox 683 788 817 854; x_wconf 87' lang='lat' dir='ltr'>caedem</span> <span class='ocrx_word' id='word_1_22' title='bbox 832 793 932 872; x_wconf 77' lang='lat' dir='ltr'>erant,</span> <span class='ocrx_word' id='word_1_23' title='bbox 954 807 1040 870; x_wconf 91' lang='lat' dir='ltr'>quac</span> <span class='ocrx_word' id='word_1_24' title='bbox 1055 807 1113 872; x_wconf 92' lang='lat' dir='ltr'>per</span> <span class='ocrx_word' id='word_1_25' title='bbox 1127 787 1201 872; x_wconf 92' lang='lat' dir='ltr'>ipsa</span> <span class='ocrx_word' id='word_1_26' title='bbox 1215 785 1361 852; x_wconf 80' lang='lat' dir='ltr'>Senecae</span> <span class='ocrx_word' id='word_1_27' title='bbox 1376 807 1477 872; x_wconf 88' lang='lat' dir='ltr'>opera</span> <span class='ocrx_word' id='word_1_28' title='bbox 1490 788 1599 852; x_wconf 88' lang='lat' dir='ltr'>multis</span> 
     </span>
     <span class='ocr_line' id='line_1_5' title="bbox 375 893 1601 972; baseline -0.004 -9"><span class='ocrx_word' id='word_1_29' title='bbox 375 905 440 963; x_wconf 89' lang='lat' dir='ltr'>tnm</span> <span class='ocrx_word' id='word_1_30' title='bbox 464 898 585 961; x_wconf 89' lang='lat' dir='ltr'>Romae</span> <span class='ocrx_word' id='word_1_31' title='bbox 614 901 705 961; x_wconf 87' lang='lat' dir='ltr'>erant</span> <span class='ocrx_word' id='word_1_32' title='bbox 731 893 987 972; x_wconf 72' lang='lat' dir='ltr'>commendatae,</span> <span class='ocrx_word' id='word_1_33' title='bbox 1019 900 1054 959; x_wconf 86' lang='lat' dir='ltr'>nt</span> <span class='ocrx_word' id='word_1_34' title='bbox 1080 893 1256 960; x_wconf 86' lang='lat' dir='ltr'>verisimile</span> <span class='ocrx_word' id='word_1_35' title='bbox 1284 893 1341 958; x_wconf 89' lang='lat' dir='ltr'>liat</span> <span class='ocrx_word' id='word_1_36' title='bbox 1364 894 1512 959; x_wconf 84' lang='lat' dir='ltr'>Tacitum</span> <span class='ocrx_word' id='word_1_37' title='bbox 1540 913 1601 958; x_wconf 95' lang='lat' dir='ltr'>non</span> 
     </span>
     <span class='ocr_line' id='line_1_6' title="bbox 376 999 1602 1086; baseline -0.005 -16"><span class='ocrx_word' id='word_1_38' title='bbox 376 1002 479 1070; x_wconf 75' lang='lat' dir='ltr'>solium</span> <span class='ocrx_word' id='word_1_39' title='bbox 494 1003 686 1068; x_wconf 90' lang='lat' dir='ltr'>Iudaeorum</span> <span class='ocrx_word' id='word_1_40' title='bbox 700 1009 732 1067; x_wconf 91' lang='lat' dir='ltr'>et</span> <span class='ocrx_word' id='word_1_41' title='bbox 746 1001 978 1067; x_wconf 79' lang='lat' dir='ltr'>Germanorum</span> <span class='ocrx_word' id='word_1_42' title='bbox 993 1001 1184 1086; x_wconf 80' lang='lat' dir='ltr'>exposuisse</span> <span class='ocrx_word' id='word_1_43' title='bbox 1199 999 1331 1066; x_wconf 90' lang='lat' dir='ltr'>deornm</span> <span class='ocrx_word' id='word_1_44' title='bbox 1345 1000 1474 1084; x_wconf 87' lang='lat' dir='ltr'>cultum,</span> <span class='ocrx_word' id='word_1_45' title='bbox 1493 1021 1602 1066; x_wconf 81' lang='lat' dir='ltr'>verum</span> 
     </span>
     <span class='ocr_line' id='line_1_7' title="bbox 377 1107 1239 1194; baseline -0.006 -18"><span class='ocrx_word' id='word_1_46' title='bbox 377 1109 475 1176; x_wconf 89' lang='lat' dir='ltr'>etiam</span> <span class='ocrx_word' id='word_1_47' title='bbox 498 1129 590 1176; x_wconf 90' lang='lat' dir='ltr'>suam</span> <span class='ocrx_word' id='word_1_48' title='bbox 612 1109 716 1194; x_wconf 91' lang='lat' dir='ltr'>ipsius</span> <span class='ocrx_word' id='word_1_49' title='bbox 739 1108 922 1193; x_wconf 81' lang='lat' dir='ltr'>professum</span> <span class='ocrx_word' id='word_1_50' title='bbox 946 1127 1019 1174; x_wconf 88' lang='lat' dir='ltr'>esse</span> <span class='ocrx_word' id='word_1_51' title='bbox 1041 1107 1239 1191; x_wconf 81' lang='lat' dir='ltr'>religionem.</span> 
     </span>
    </p>

    <p class='ocr_par' dir='ltr' id='par_1_3' title="bbox 376 1213 1601 1624">
     <span class='ocr_line' id='line_1_8' title="bbox 465 1213 1600 1298; baseline -0.003 -17"><span class='ocrx_word' id='word_1_52' title='bbox 465 1217 502 1282; x_wconf 84' lang='grc' dir='ltr'>Τ.</span> <span class='ocrx_word' id='word_1_53' title='bbox 527 1217 608 1283; x_wconf 90' lang='lat' dir='ltr'>Hist.</span> <span class='ocrx_word' id='word_1_54' title='bbox 631 1216 664 1279; x_wconf 93' lang='grc' dir='ltr'>Π</span> <span class='ocrx_word' id='word_1_55' title='bbox 680 1217 730 1282; x_wconf 83' lang='grc'>78.</span> <span class='ocrx_word' id='word_1_56' title='bbox 760 1217 813 1280; x_wconf 83' lang='lat'>12:</span> <span class='ocrx_word' id='word_1_57' title='bbox 843 1222 894 1281; x_wconf 89' lang='lat' dir='ltr'>est</span> <span class='ocrx_word' id='word_1_58' title='bbox 915 1214 1071 1280; x_wconf 88' lang='lat' dir='ltr'>Iudaeam</span> <span class='ocrx_word' id='word_1_59' title='bbox 1099 1214 1183 1279; x_wconf 89' lang='lat' dir='ltr'>inter</span> <span class='ocrx_word' id='word_1_60' title='bbox 1206 1213 1398 1298; x_wconf 87' lang='lat' dir='ltr'>Suriamque</span> <span class='ocrx_word' id='word_1_61' title='bbox 1422 1214 1600 1281; x_wconf 81' lang='lat' dir='ltr'>Carmelus:</span> 
     </span>
     <span class='ocr_line' id='line_1_9' title="bbox 376 1323 1601 1407; baseline -0.003 -17"><span class='ocrx_word' id='word_1_62' title='bbox 376 1325 423 1390; x_wconf 89' lang='lat' dir='ltr'>ita</span> <span class='ocrx_word' id='word_1_63' title='bbox 453 1329 572 1389; x_wconf 85' lang='lat' dir='ltr'>vocant</span> <span class='ocrx_word' id='word_1_64' title='bbox 603 1329 743 1388; x_wconf 91' lang='lat' dir='ltr'>montem</span> <span class='ocrx_word' id='word_1_65' title='bbox 775 1325 939 1405; x_wconf 79' lang='lat' dir='ltr'>darmque.</span> <span class='ocrx_word' id='word_1_66' title='bbox 973 1343 1029 1387; x_wconf 72' lang='lat' dir='ltr'>occ</span> <span class='ocrx_word' id='word_1_67' title='bbox 1058 1323 1257 1387; x_wconf 66' lang='lat' dir='ltr'>aruchaeum</span> <span class='ocrx_word' id='word_1_68' title='bbox 1289 1323 1345 1387; x_wconf 68' lang='lat' dir='ltr'>deo</span> <span class='ocrx_word' id='word_1_69' title='bbox 1376 1330 1431 1386; x_wconf 85' lang='lat' dir='ltr'>out</span> <span class='ocrx_word' id='word_1_70' title='bbox 1462 1324 1601 1407; x_wconf 83' lang='lat' dir='ltr'>templum</span> 
     </span>
     <span class='ocr_line' id='line_1_10' title="bbox 376 1429 1601 1513; baseline -0.002 -17"><span class='ocrx_word' id='word_1_71' title='bbox 376 1433 439 1513; x_wconf 88' lang='lat' dir='ltr'>(sio</span> <span class='ocrx_word' id='word_1_72' title='bbox 461 1429 626 1496; x_wconf 82' lang='lat' dir='ltr'>tradidere</span> <span class='ocrx_word' id='word_1_73' title='bbox 649 1429 817 1513; x_wconf 87' lang='lat' dir='ltr'>maiores):</span> <span class='ocrx_word' id='word_1_74' title='bbox 848 1449 906 1494; x_wconf 88' lang='lat' dir='ltr'>ara</span> <span class='ocrx_word' id='word_1_75' title='bbox 929 1435 1054 1495; x_wconf 87' lang='lat' dir='ltr'>tantum</span> <span class='ocrx_word' id='word_1_76' title='bbox 1077 1435 1110 1494; x_wconf 89' lang='lat' dir='ltr'>et</span> <span class='ocrx_word' id='word_1_77' title='bbox 1132 1432 1312 1494; x_wconf 82' lang='lat' dir='ltr'>reuerentia.</span> <span class='ocrx_word' id='word_1_78' title='bbox 1342 1429 1425 1495; x_wconf 86' lang='lat' dir='ltr'>Hist</span> <span class='ocrx_word' id='word_1_79' title='bbox 1449 1429 1521 1494; x_wconf 78' lang='lat' dir='ltr'>Vb.</span> <span class='ocrx_word' id='word_1_80' title='bbox 1548 1433 1601 1495; x_wconf 75' lang='lat'>17:</span> 
     </span>
     <span class='ocr_line' id='line_1_11' title="bbox 377 1535 1601 1624; baseline -0.003 -20"><span class='ocrx_word' id='word_1_81' title='bbox 377 1539 532 1624; x_wconf 85' lang='lat' dir='ltr'>Aegyptii</span> <span class='ocrx_word' id='word_1_82' title='bbox 550 1541 698 1624; x_wconf 78' lang='lat' dir='ltr'>pleraque</span> <span class='ocrx_word' id='word_1_83' title='bbox 715 1539 864 1604; x_wconf 82' lang='lat' dir='ltr'>animalia</span> <span class='ocrx_word' id='word_1_84' title='bbox 883 1540 1056 1621; x_wconf 70' lang='lat' dir='ltr'>effipiecpcc</span> <span class='ocrx_word' id='word_1_85' title='bbox 1075 1541 1258 1620; x_wconf 76' lang='lat' dir='ltr'>compositus</span> <span class='ocrx_word' id='word_1_86' title='bbox 1275 1545 1468 1619; x_wconf 70' lang='lat' dir='ltr'>emmonius,</span> <span class='ocrx_word' id='word_1_87' title='bbox 1489 1535 1601 1601; x_wconf 92' lang='lat' dir='ltr'>Iudaei</span> 
     </span>
    </p>
   </div>
   <div class='ocr_carea' id='block_1_3' title="bbox 276 1644 1720 1846">
    <p class='ocr_par' dir='ltr' id='par_1_4' title="bbox 276 1644 1720 1846">
     <span class='ocr_line' id='line_1_12' title="bbox 276 1644 1720 1745; baseline -0.003 -32"><span class='ocrx_word' id='word_1_88' title='bbox 276 1726 279 1731; x_wconf 21' lang='grc' dir='ltr'>Ι</span> <span class='ocrx_word' id='word_1_89' title='bbox 379 1655 478 1713; x_wconf 81' lang='lat' dir='ltr'>ruente</span> <span class='ocrx_word' id='word_1_90' title='bbox 495 1649 563 1713; x_wconf 78' lang='lat' dir='ltr'>colu</span> <span class='ocrx_word' id='word_1_91' title='bbox 580 1667 734 1729; x_wconf 77' lang='lat' dir='ltr'>cauasque</span> <span class='ocrx_word' id='word_1_92' title='bbox 757 1667 870 1710; x_wconf 79' lang='lat' dir='ltr'>amaea</span> <span class='ocrx_word' id='word_1_93' title='bbox 893 1646 1082 1727; x_wconf 73' lang='lat' dir='ltr'>intellegitat:</span> <span class='ocrx_word' id='word_1_94' title='bbox 1102 1644 1256 1729; x_wconf 87' lang='lat' dir='ltr'>profanos</span> <span class='ocrx_word' id='word_1_95' title='bbox 1275 1644 1330 1726; x_wconf 89' lang='lat' dir='ltr'>qui</span> <span class='ocrx_word' id='word_1_96' title='bbox 1348 1646 1439 1709; x_wconf 85' lang='lat' dir='ltr'>dcum</span> <span class='ocrx_word' id='word_1_97' title='bbox 1456 1647 1604 1727; x_wconf 72' lang='lat' dir='ltr'>imagines</span> <span class='ocrx_word' id='word_1_98' title='bbox 1719 1742 1720 1745; x_wconf 7' lang='grc' dir='ltr'><strong>Ἴ</strong></span> 
     </span>
     <span class='ocr_line' id='line_1_13' title="bbox 300 1748 1720 1846; baseline -0.004 -27"><span class='ocrx_word' id='word_1_99' title='bbox 300 1826 303 1832; x_wconf 50' lang='grc'>,</span> <span class='ocrx_word' id='word_1_100' title='bbox 377 1755 556 1820; x_wconf 77' lang='lat' dir='ltr'>mortalibus</span> <span class='ocrx_word' id='word_1_101' title='bbox 577 1755 770 1846; x_wconf 77' lang='lat' dir='ltr'>muteriiac&#39;u</span> <span class='ocrx_word' id='word_1_102' title='bbox 792 1754 908 1836; x_wconf 82' lang='lat' dir='ltr'>specics</span> <span class='ocrx_word' id='word_1_103' title='bbox 929 1753 1086 1817; x_wconf 68' lang='lat' dir='ltr'>malcum</span> <span class='ocrx_word' id='word_1_104' title='bbox 1109 1755 1270 1835; x_wconf 64' lang='lat' dir='ltr'>cffiapcah</span> <span class='ocrx_word' id='word_1_105' title='bbox 1295 1770 1452 1818; x_wconf 88' lang='lat' dir='ltr'>summum</span> <span class='ocrx_word' id='word_1_106' title='bbox 1471 1750 1551 1815; x_wconf 89' lang='lat' dir='ltr'>illud</span> <span class='ocrx_word' id='word_1_107' title='bbox 1573 1759 1604 1816; x_wconf 87' lang='lat' dir='ltr'>et</span> <span class='ocrx_word' id='word_1_108' title='bbox 1719 1748 1720 1803; x_wconf 67' lang='lat' dir='ltr'>i</span> 
     </span>
    </p>
   </div>
   <div class='ocr_carea' id='block_1_4' title="bbox 378 1857 1601 1943">
    <p class='ocr_par' dir='ltr' id='par_1_5' title="bbox 378 1857 1601 1943">
     <span class='ocr_line' id='line_1_14' title="bbox 378 1857 1601 1943; baseline -0.001 -18"><span class='ocrx_word' id='word_1_109' title='bbox 378 1869 544 1927; x_wconf 86' lang='lat' dir='ltr'>aeternum</span> <span class='ocrx_word' id='word_1_110' title='bbox 574 1878 679 1943; x_wconf 89' lang='lat' dir='ltr'>neque</span> <span class='ocrx_word' id='word_1_111' title='bbox 708 1859 866 1924; x_wconf 87' lang='lat' dir='ltr'>imitabile</span> <span class='ocrx_word' id='word_1_112' title='bbox 894 1877 1000 1941; x_wconf 89' lang='lat' dir='ltr'>neque</span> <span class='ocrx_word' id='word_1_113' title='bbox 1027 1859 1237 1926; x_wconf 87' lang='lat' dir='ltr'>interiturum.</span> <span class='ocrx_word' id='word_1_114' title='bbox 1272 1857 1371 1942; x_wconf 86' lang='lat' dir='ltr'>igitur</span> <span class='ocrx_word' id='word_1_115' title='bbox 1397 1860 1483 1924; x_wconf 82' lang='lat' dir='ltr'>acilo</span> <span class='ocrx_word' id='word_1_116' title='bbox 1510 1862 1601 1924; x_wconf 74' lang='lat' dir='ltr'>cimus-</span> 
     </span>
    </p>
   </div>
   <div class='ocr_carea' id='block_1_5' title="bbox 379 1963 1720 2051">
    <p class='ocr_par' dir='ltr' id='par_1_6' title="bbox 379 1963 1720 2051">
     <span class='ocr_line' id='line_1_15' title="bbox 379 1963 1720 2051; baseline -0.001 -18"><span class='ocrx_word' id='word_1_117' title='bbox 379 1971 464 2034; x_wconf 83' lang='lat' dir='ltr'>lucro</span> <span class='ocrx_word' id='word_1_118' title='bbox 496 1966 628 2032; x_wconf 91' lang='lat' dir='ltr'>urbibus</span> <span class='ocrx_word' id='word_1_119' title='bbox 663 1965 744 2051; x_wconf 88' lang='lat' dir='ltr'>suis,</span> <span class='ocrx_word' id='word_1_120' title='bbox 776 1963 894 2031; x_wconf 88' lang='lat' dir='ltr'>nedum</span> <span class='ocrx_word' id='word_1_121' title='bbox 926 1965 1057 2049; x_wconf 88' lang='lat' dir='ltr'>templis</span> <span class='ocrx_word' id='word_1_122' title='bbox 1091 1965 1222 2048; x_wconf 81' lang='lat' dir='ltr'>sistunt3</span> <span class='ocrx_word' id='word_1_123' title='bbox 1259 1984 1324 2029; x_wconf 94' lang='lat' dir='ltr'>non</span> <span class='ocrx_word' id='word_1_124' title='bbox 1357 1964 1489 2048; x_wconf 87' lang='lat' dir='ltr'>regibus</span> <span class='ocrx_word' id='word_1_125' title='bbox 1522 1964 1603 2031; x_wconf 85' lang='lat' dir='ltr'>haec</span> <span class='ocrx_word' id='word_1_126' title='bbox 1719 1998 1720 2005; x_wconf 65' lang='lat'>.</span> 
     </span>
    </p>
   </div>
   <div class='ocr_carea' id='block_1_6' title="bbox 378 2071 1720 2266">
    <p class='ocr_par' dir='ltr' id='par_1_7' title="bbox 378 2071 1720 2266">
     <span class='ocr_line' id='line_1_16' title="bbox 379 2071 1720 2163; baseline -0.004 -23"><span class='ocrx_word' id='word_1_127' title='bbox 379 2075 534 2150; x_wconf 83' lang='lat' dir='ltr'>adulatio,</span> <span class='ocrx_word' id='word_1_128' title='bbox 568 2094 631 2139; x_wconf 93' lang='lat' dir='ltr'>non</span> <span class='ocrx_word' id='word_1_129' title='bbox 664 2071 859 2139; x_wconf 81' lang='lat' dir='ltr'>Caesaribus</span> <span class='ocrx_word' id='word_1_130' title='bbox 893 2072 1003 2139; x_wconf 88' lang='lat' dir='ltr'>honor.</span> <span class='ocrx_word' id='word_1_131' title='bbox 1037 2071 1142 2137; x_wconf 87' lang='lat' dir='ltr'>Germ.</span> <span class='ocrx_word' id='word_1_132' title='bbox 1173 2074 1204 2139; x_wconf 91' lang='lat'>9.</span> <span class='ocrx_word' id='word_1_133' title='bbox 1228 2075 1265 2138; x_wconf 83' lang='lat' dir='ltr'>b:</span> <span class='ocrx_word' id='word_1_134' title='bbox 1298 2078 1440 2137; x_wconf 90' lang='lat' dir='ltr'>ceterum</span> <span class='ocrx_word' id='word_1_135' title='bbox 1472 2093 1528 2136; x_wconf 80' lang='lat' dir='ltr'>uec</span> <span class='ocrx_word' id='word_1_136' title='bbox 1557 2093 1603 2136; x_wconf 87' lang='lat' dir='ltr'>co-</span> <span class='ocrx_word' id='word_1_137' title='bbox 1719 2090 1720 2163; x_wconf 63' lang='lat' dir='ltr'>l</span> 
     </span>
     <span class='ocr_line' id='line_1_17' title="bbox 378 2176 1720 2266; baseline -0.004 -20"><span class='ocrx_word' id='word_1_138' title='bbox 378 2183 479 2248; x_wconf 80' lang='lat' dir='ltr'>bibere</span> <span class='ocrx_word' id='word_1_139' title='bbox 496 2181 667 2266; x_wconf 80' lang='lat' dir='ltr'>parielibus</span> <span class='ocrx_word' id='word_1_140' title='bbox 690 2181 762 2244; x_wconf 82' lang='lat' dir='ltr'>deos</span> <span class='ocrx_word' id='word_1_141' title='bbox 784 2199 881 2264; x_wconf 69' lang='lat' dir='ltr'>nemra</span> <span class='ocrx_word' id='word_1_142' title='bbox 902 2182 936 2243; x_wconf 82' lang='lat' dir='ltr'>ia</span> <span class='ocrx_word' id='word_1_143' title='bbox 957 2181 1053 2244; x_wconf 71' lang='lat' dir='ltr'>cllum</span> <span class='ocrx_word' id='word_1_144' title='bbox 1074 2181 1200 2243; x_wconf 82' lang='lat' dir='ltr'>humaui</span> <span class='ocrx_word' id='word_1_145' title='bbox 1227 2182 1291 2243; x_wconf 78' lang='lat' dir='ltr'>oris</span> <span class='ocrx_word' id='word_1_146' title='bbox 1313 2182 1443 2263; x_wconf 81' lang='lat' dir='ltr'>speciem</span> <span class='ocrx_word' id='word_1_147' title='bbox 1471 2181 1603 2244; x_wconf 61' lang='lat' dir='ltr'>mamu-</span> <span class='ocrx_word' id='word_1_148' title='bbox 1719 2176 1720 2219; x_wconf 45' lang='grc' dir='ltr'><strong>Τ</strong></span> 
     </span>
    </p>
   </div>
   <div class='ocr_carea' id='block_1_7' title="bbox 379 2285 1603 2692">
    <p class='ocr_par' dir='ltr' id='par_1_8' title="bbox 379 2285 1603 2566">
     <span class='ocr_line' id='line_1_18' title="bbox 380 2285 1602 2369; baseline -0.003 -15"><span class='ocrx_word' id='word_1_149' title='bbox 380 2293 444 2354; x_wconf 81' lang='lat' dir='ltr'>lure</span> <span class='ocrx_word' id='word_1_150' title='bbox 467 2307 505 2352; x_wconf 85' lang='lat' dir='ltr'>ex</span> <span class='ocrx_word' id='word_1_151' title='bbox 531 2285 753 2369; x_wconf 91' lang='lat' dir='ltr'>magnitudine</span> <span class='ocrx_word' id='word_1_152' title='bbox 777 2286 967 2353; x_wconf 87' lang='lat' dir='ltr'>caelestium</span> <span class='ocrx_word' id='word_1_153' title='bbox 991 2286 1201 2351; x_wconf 86' lang='lat' dir='ltr'>arbitrantur:</span> <span class='ocrx_word' id='word_1_154' title='bbox 1226 2288 1309 2352; x_wconf 80' lang='lat' dir='ltr'>lucos</span> <span class='ocrx_word' id='word_1_155' title='bbox 1331 2307 1369 2351; x_wconf 87' lang='lat' dir='ltr'>uc</span> <span class='ocrx_word' id='word_1_156' title='bbox 1385 2307 1513 2352; x_wconf 75' lang='lat' dir='ltr'>mmoru</span> <span class='ocrx_word' id='word_1_157' title='bbox 1530 2305 1602 2351; x_wconf 91' lang='lat' dir='ltr'>oon-</span> 
     </span>
     <span class='ocr_line' id='line_1_19' title="bbox 381 2394 1603 2478; baseline -0.002 -18"><span class='ocrx_word' id='word_1_158' title='bbox 381 2401 509 2460; x_wconf 84' lang='lat' dir='ltr'>socrant</span> <span class='ocrx_word' id='word_1_159' title='bbox 531 2395 719 2478; x_wconf 81' lang='lat' dir='ltr'>deorumque</span> <span class='ocrx_word' id='word_1_160' title='bbox 746 2394 921 2458; x_wconf 77' lang='lat' dir='ltr'>nominibus</span> <span class='ocrx_word' id='word_1_161' title='bbox 949 2396 1102 2477; x_wconf 82' lang='lat' dir='ltr'>appellunt</span> <span class='ocrx_word' id='word_1_162' title='bbox 1128 2401 1278 2458; x_wconf 81' lang='lat' dir='ltr'>sacratum</span> <span class='ocrx_word' id='word_1_163' title='bbox 1308 2394 1397 2474; x_wconf 82' lang='lat' dir='ltr'>illud,</span> <span class='ocrx_word' id='word_1_164' title='bbox 1430 2395 1512 2477; x_wconf 84' lang='lat' dir='ltr'>quod</span> <span class='ocrx_word' id='word_1_165' title='bbox 1538 2395 1603 2458; x_wconf 82' lang='lat' dir='ltr'>colu</span> 
     </span>
     <span class='ocr_line' id='line_1_20' title="bbox 379 2503 1326 2566; baseline -0.004 0"><span class='ocrx_word' id='word_1_166' title='bbox 379 2503 551 2566; x_wconf 79' lang='lat' dir='ltr'>reuerentia</span> <span class='ocrx_word' id='word_1_167' title='bbox 573 2503 682 2565; x_wconf 80' lang='lat' dir='ltr'>uideat.</span> <span class='ocrx_word' id='word_1_168' title='bbox 1323 2556 1326 2562; x_wconf 88' lang='lat'>.</span> 
     </span>
    </p>

    <p class='ocr_par' dir='ltr' id='par_1_9' title="bbox 469 2606 1603 2692">
     <span class='ocr_line' id='line_1_21' title="bbox 469 2606 1603 2692; baseline 0 -21"><span class='ocrx_word' id='word_1_169' title='bbox 469 2607 635 2691; x_wconf 83' lang='lat' dir='ltr'>Angustia.</span> <span class='ocrx_word' id='word_1_170' title='bbox 660 2606 701 2672; x_wconf 89' lang='lat' dir='ltr'>de</span> <span class='ocrx_word' id='word_1_171' title='bbox 726 2608 786 2674; x_wconf 85' lang='lat' dir='ltr'>civ.</span> <span class='ocrx_word' id='word_1_172' title='bbox 812 2607 864 2672; x_wconf 89' lang='lat' dir='ltr'>dei</span> <span class='ocrx_word' id='word_1_173' title='bbox 889 2608 934 2672; x_wconf 90' lang='lat' dir='ltr'>Vl</span> <span class='ocrx_word' id='word_1_174' title='bbox 961 2609 1001 2673; x_wconf 91' lang='grc'>10</span> <span class='ocrx_word' id='word_1_175' title='bbox 1024 2607 1165 2685; x_wconf 89' lang='lat' dir='ltr'>(Seneca</span> <span class='ocrx_word' id='word_1_176' title='bbox 1187 2606 1236 2670; x_wconf 86' lang='grc' dir='ltr'>ΙΙΙ</span> <span class='ocrx_word' id='word_1_177' title='bbox 1258 2628 1289 2692; x_wconf 92' lang='lat' dir='ltr'>p.</span> <span class='ocrx_word' id='word_1_178' title='bbox 1313 2611 1389 2673; x_wconf 75' lang='grc'><strong>424.</strong></span> <span class='ocrx_word' id='word_1_179' title='bbox 1404 2612 1443 2674; x_wconf 87' lang='grc'>31</span> <span class='ocrx_word' id='word_1_180' title='bbox 1467 2608 1603 2683; x_wconf 76' lang='lat' dir='ltr'>Haase):</span> 
     </span>
    </p>
   </div>
   <div class='ocr_carea' id='block_1_8' title="bbox 381 2713 1720 2810">
    <p class='ocr_par' dir='ltr' id='par_1_10' title="bbox 381 2713 1720 2810">
     <span class='ocr_line' id='line_1_22' title="bbox 381 2713 1720 2810; baseline 0.001 -31"><span class='ocrx_word' id='word_1_181' title='bbox 381 2734 455 2779; x_wconf 88' lang='lat' dir='ltr'>nam</span> <span class='ocrx_word' id='word_1_182' title='bbox 479 2716 510 2779; x_wconf 94' lang='lat' dir='ltr'>in</span> <span class='ocrx_word' id='word_1_183' title='bbox 535 2734 573 2779; x_wconf 92' lang='lat' dir='ltr'>eo</span> <span class='ocrx_word' id='word_1_184' title='bbox 598 2714 688 2799; x_wconf 88' lang='lat' dir='ltr'>libro,</span> <span class='ocrx_word' id='word_1_185' title='bbox 712 2733 807 2797; x_wconf 89' lang='lat' dir='ltr'>quem</span> <span class='ocrx_word' id='word_1_186' title='bbox 830 2721 942 2780; x_wconf 89' lang='lat' dir='ltr'>contra</span> <span class='ocrx_word' id='word_1_187' title='bbox 963 2714 1209 2799; x_wconf 88' lang='lat' dir='ltr'>superstitiones</span> <span class='ocrx_word' id='word_1_188' title='bbox 1224 2713 1370 2781; x_wconf 89' lang='lat' dir='ltr'>condidit</span> <span class='ocrx_word' id='word_1_189' title='bbox 1384 2721 1441 2793; x_wconf 89' lang='lat' dir='ltr'>(sc.</span> <span class='ocrx_word' id='word_1_190' title='bbox 1457 2714 1605 2798; x_wconf 86' lang='lat' dir='ltr'>Seneca),</span> <span class='ocrx_word' id='word_1_191' title='bbox 1719 2767 1720 2810; x_wconf 32' lang='lat' dir='ltr'>p</span> 
     </span>
    </p>
   </div>
   <div class='ocr_carea' id='block_1_9' title="bbox 381 2819 1606 3120">
    <p class='ocr_par' dir='ltr' id='par_1_11' title="bbox 381 2819 1606 3120">
     <span class='ocr_line' id='line_1_23' title="bbox 381 2819 1604 2906; baseline -0.002 -19"><span class='ocrx_word' id='word_1_192' title='bbox 381 2823 481 2887; x_wconf 86' lang='lat' dir='ltr'>multo</span> <span class='ocrx_word' id='word_1_193' title='bbox 510 2820 673 2906; x_wconf 81' lang='lat' dir='ltr'>copiosius</span> <span class='ocrx_word' id='word_1_194' title='bbox 704 2842 744 2887; x_wconf 89' lang='lat' dir='ltr'>ac</span> <span class='ocrx_word' id='word_1_195' title='bbox 770 2820 994 2887; x_wconf 89' lang='lat' dir='ltr'>vehementius</span> <span class='ocrx_word' id='word_1_196' title='bbox 1021 2819 1228 2905; x_wconf 89' lang='lat' dir='ltr'>reprehendit</span> <span class='ocrx_word' id='word_1_197' title='bbox 1254 2821 1326 2906; x_wconf 90' lang='lat' dir='ltr'>ipse</span> <span class='ocrx_word' id='word_1_198' title='bbox 1353 2820 1481 2888; x_wconf 90' lang='lat' dir='ltr'>civilem</span> <span class='ocrx_word' id='word_1_199' title='bbox 1509 2822 1604 2889; x_wconf 82' lang='lat' dir='ltr'>istam</span> 
     </span>
     <span class='ocr_line' id='line_1_24' title="bbox 383 2927 1603 3011; baseline 0.001 -17"><span class='ocrx_word' id='word_1_200' title='bbox 383 2936 415 2994; x_wconf 89' lang='lat' dir='ltr'>et</span> <span class='ocrx_word' id='word_1_201' title='bbox 437 2928 595 2994; x_wconf 87' lang='lat' dir='ltr'>urbanam</span> <span class='ocrx_word' id='word_1_202' title='bbox 618 2927 825 3011; x_wconf 84' lang='lat' dir='ltr'>theologiam,</span> <span class='ocrx_word' id='word_1_203' title='bbox 850 2948 948 3011; x_wconf 89' lang='lat' dir='ltr'>qnam</span> <span class='ocrx_word' id='word_1_204' title='bbox 963 2928 1066 2993; x_wconf 87' lang='lat' dir='ltr'>Varro</span> <span class='ocrx_word' id='word_1_205' title='bbox 1090 2927 1282 2993; x_wconf 88' lang='lat' dir='ltr'>theatricam</span> <span class='ocrx_word' id='word_1_206' title='bbox 1298 2934 1396 3011; x_wconf 84' lang='lat' dir='ltr'>atque</span> <span class='ocrx_word' id='word_1_207' title='bbox 1410 2927 1603 2995; x_wconf 82' lang='lat' dir='ltr'>fabulosam.</span> 
     </span>
     <span class='ocr_line' id='line_1_25' title="bbox 382 3034 1606 3120; baseline -0.002 -19"><span class='ocrx_word' id='word_1_208' title='bbox 382 3056 454 3101; x_wconf 91' lang='lat' dir='ltr'>oum</span> <span class='ocrx_word' id='word_1_209' title='bbox 477 3036 562 3101; x_wconf 92' lang='lat' dir='ltr'>enim</span> <span class='ocrx_word' id='word_1_210' title='bbox 586 3034 626 3100; x_wconf 89' lang='lat' dir='ltr'>de</span> <span class='ocrx_word' id='word_1_211' title='bbox 649 3037 824 3101; x_wconf 64' lang='lat' dir='ltr'>amulrcrir</span> <span class='ocrx_word' id='word_1_212' title='bbox 846 3042 974 3120; x_wconf 88' lang='lat' dir='ltr'>ageret:</span> <span class='ocrx_word' id='word_1_213' title='bbox 993 3054 1134 3120; x_wconf 65' lang='lat' dir='ltr'>„sacros</span> <span class='ocrx_word' id='word_1_214' title='bbox 1153 3034 1264 3119; x_wconf 88' lang='lat' dir='ltr'>inquit,</span> <span class='ocrx_word' id='word_1_215' title='bbox 1286 3038 1482 3117; x_wconf 81' lang='lat' dir='ltr'>immortales,</span> <span class='ocrx_word' id='word_1_216' title='bbox 1506 3035 1606 3100; x_wconf 85' lang='lat' dir='ltr'>inuio·</span> 
     </span>
    </p>
   </div>
   <div class='ocr_carea' id='block_1_10' title="bbox 382 3142 1720 3226">
    <p class='ocr_par' dir='ltr' id='par_1_12' title="bbox 382 3142 1720 3226">
     <span class='ocr_line' id='line_1_26' title="bbox 382 3142 1720 3226; baseline -0.001 -18"><span class='ocrx_word' id='word_1_217' title='bbox 382 3143 498 3211; x_wconf 92' lang='lat' dir='ltr'>labiles</span> <span class='ocrx_word' id='word_1_218' title='bbox 520 3147 554 3209; x_wconf 80' lang='lat' dir='ltr'>iu</span> <span class='ocrx_word' id='word_1_219' title='bbox 575 3146 706 3211; x_wconf 79' lang='lat' dir='ltr'>materia</span> <span class='ocrx_word' id='word_1_220' title='bbox 728 3146 876 3209; x_wconf 73' lang='lat' dir='ltr'>milesium</span> <span class='ocrx_word' id='word_1_221' title='bbox 903 3149 1001 3226; x_wconf 88' lang='lat' dir='ltr'>atque</span> <span class='ocrx_word' id='word_1_222' title='bbox 1027 3142 1184 3208; x_wconf 91' lang='lat' dir='ltr'>immobili</span> <span class='ocrx_word' id='word_1_223' title='bbox 1212 3142 1372 3207; x_wconf 83' lang='lat' dir='ltr'>dedicant</span> <span class='ocrx_word' id='word_1_224' title='bbox 1399 3143 1521 3209; x_wconf 75' lang='lat' dir='ltr'>babitus</span> <span class='ocrx_word' id='word_1_225' title='bbox 1546 3144 1607 3207; x_wconf 80' lang='lat' dir='ltr'>illis</span> <span class='ocrx_word' id='word_1_226' title='bbox 1719 3155 1720 3184; x_wconf 63' lang='lat'>¹</span> 
     </span>
    </p>
   </div>
   <div class='ocr_carea' id='block_1_11' title="bbox 381 3247 1606 3335">
    <p class='ocr_par' dir='ltr' id='par_1_13' title="bbox 381 3247 1606 3335">
     <span class='ocr_line' id='line_1_27' title="bbox 381 3247 1606 3335; baseline -0.002 -19"><span class='ocrx_word' id='word_1_227' title='bbox 381 3254 538 3317; x_wconf 67' lang='lat' dir='ltr'>marinum</span> <span class='ocrx_word' id='word_1_228' title='bbox 554 3256 759 3335; x_wconf 73' lang='lat' dir='ltr'>ferorumque</span> <span class='ocrx_word' id='word_1_229' title='bbox 782 3259 810 3315; x_wconf 85' lang='lat' dir='ltr'>et</span> <span class='ocrx_word' id='word_1_230' title='bbox 827 3252 970 3333; x_wconf 75' lang='lat' dir='ltr'>piscium,</span> <span class='ocrx_word' id='word_1_231' title='bbox 986 3248 1116 3332; x_wconf 89' lang='lat' dir='ltr'>quidam</span> <span class='ocrx_word' id='word_1_232' title='bbox 1141 3269 1216 3314; x_wconf 88' lang='lat' dir='ltr'>vero</span> <span class='ocrx_word' id='word_1_233' title='bbox 1240 3249 1340 3313; x_wconf 83' lang='lat' dir='ltr'>mixto</span> <span class='ocrx_word' id='word_1_234' title='bbox 1364 3269 1444 3315; x_wconf 82' lang='lat' dir='ltr'>sexu</span> <span class='ocrx_word' id='word_1_235' title='bbox 1468 3247 1606 3315; x_wconf 90' lang='lat' dir='ltr'>diversis</span> 
     </span>
    </p>
   </div>
   <div class='ocr_carea' id='block_1_12' title="bbox 382 3354 1720 3442">
    <p class='ocr_par' dir='ltr' id='par_1_14' title="bbox 382 3354 1720 3442">
     <span class='ocr_line' id='line_1_28' title="bbox 382 3354 1720 3442; baseline -0.001 -19"><span class='ocrx_word' id='word_1_236' title='bbox 382 3357 570 3442; x_wconf 87' lang='lat' dir='ltr'>corporibus</span> <span class='ocrx_word' id='word_1_237' title='bbox 590 3354 736 3421; x_wconf 87' lang='lat' dir='ltr'>induunt:</span> <span class='ocrx_word' id='word_1_238' title='bbox 752 3359 881 3420; x_wconf 80' lang='lat' dir='ltr'>numius</span> <span class='ocrx_word' id='word_1_239' title='bbox 903 3362 1028 3440; x_wconf 67' lang='lat' dir='ltr'>vocant,</span> <span class='ocrx_word' id='word_1_240' title='bbox 1043 3375 1127 3439; x_wconf 87' lang='lat' dir='ltr'>quae</span> <span class='ocrx_word' id='word_1_241' title='bbox 1151 3355 1180 3421; x_wconf 93' lang='lat' dir='ltr'>si</span> <span class='ocrx_word' id='word_1_242' title='bbox 1203 3355 1318 3441; x_wconf 88' lang='lat' dir='ltr'>spiritu</span> <span class='ocrx_word' id='word_1_243' title='bbox 1342 3362 1477 3441; x_wconf 88' lang='lat' dir='ltr'>accepto</span> <span class='ocrx_word' id='word_1_244' title='bbox 1500 3356 1605 3422; x_wconf 87' lang='lat' dir='ltr'>subito</span> <span class='ocrx_word' id='word_1_245' title='bbox 1719 3401 1720 3422; x_wconf 53' lang='lat' dir='ltr'>i</span> 
     </span>
    </p>
   </div>
   <div class='ocr_carea' id='block_1_13' title="bbox 382 3461 1605 3655">
    <p class='ocr_par' dir='ltr' id='par_1_15' title="bbox 382 3461 1605 3655">
     <span class='ocr_line' id='line_1_29' title="bbox 382 3461 1605 3547; baseline -0.001 -18"><span class='ocrx_word' id='word_1_246' title='bbox 382 3470 594 3547; x_wconf 87' lang='lat' dir='ltr'>occurrerent,</span> <span class='ocrx_word' id='word_1_247' title='bbox 622 3471 766 3529; x_wconf 88' lang='lat' dir='ltr'>monstra</span> <span class='ocrx_word' id='word_1_248' title='bbox 796 3462 1021 3530; x_wconf 85' lang='lat' dir='ltr'>haberentur.“</span> <span class='ocrx_word' id='word_1_249' title='bbox 1068 3461 1217 3528; x_wconf 88' lang='lat' dir='ltr'>Lactant.</span> <span class='ocrx_word' id='word_1_250' title='bbox 1244 3462 1605 3547; x_wconf 82' lang='lat' dir='ltr'>instit.ss2‚14(Se-</span> 
     </span>
     <span class='ocr_line' id='line_1_30' title="bbox 382 3568 1605 3655; baseline 0 -20"><span class='ocrx_word' id='word_1_251' title='bbox 382 3590 464 3635; x_wconf 85' lang='lat' dir='ltr'>neca</span> <span class='ocrx_word' id='word_1_252' title='bbox 487 3568 535 3635; x_wconf 93' lang='lat' dir='ltr'>III</span> <span class='ocrx_word' id='word_1_253' title='bbox 557 3590 587 3655; x_wconf 91' lang='lat' dir='ltr'>p.</span> <span class='ocrx_word' id='word_1_254' title='bbox 610 3572 686 3637; x_wconf 81' lang='lat'>443.</span> <span class='ocrx_word' id='word_1_255' title='bbox 716 3572 776 3636; x_wconf 75' lang='lat'>120</span> <span class='ocrx_word' id='word_1_256' title='bbox 799 3569 937 3645; x_wconf 88' lang='lat' dir='ltr'>Haase):</span> <span class='ocrx_word' id='word_1_257' title='bbox 961 3570 1060 3635; x_wconf 88' lang='lat' dir='ltr'>Recte</span> <span class='ocrx_word' id='word_1_258' title='bbox 1088 3569 1186 3652; x_wconf 89' lang='lat' dir='ltr'>igitur</span> <span class='ocrx_word' id='word_1_259' title='bbox 1209 3570 1334 3635; x_wconf 88' lang='lat' dir='ltr'>Seneca</span> <span class='ocrx_word' id='word_1_260' title='bbox 1361 3570 1395 3636; x_wconf 93' lang='lat' dir='ltr'>in</span> <span class='ocrx_word' id='word_1_261' title='bbox 1422 3569 1514 3635; x_wconf 91' lang='lat' dir='ltr'>libris</span> <span class='ocrx_word' id='word_1_262' title='bbox 1541 3591 1605 3635; x_wconf 91' lang='lat' dir='ltr'>mo·</span> 
     </span>
    </p>
   </div>
   <div class='ocr_carea' id='block_1_14' title="bbox 382 3676 1720 3761">
    <p class='ocr_par' dir='ltr' id='par_1_16' title="bbox 382 3676 1720 3761">
     <span class='ocr_line' id='line_1_31' title="bbox 382 3676 1720 3761; baseline 0.001 -19"><span class='ocrx_word' id='word_1_263' title='bbox 382 3678 520 3743; x_wconf 90' lang='lat' dir='ltr'>ralihus:</span> <span class='ocrx_word' id='word_1_264' title='bbox 555 3678 759 3759; x_wconf 67' lang='lat' dir='ltr'>„Simulacru</span> <span class='ocrx_word' id='word_1_265' title='bbox 792 3677 904 3760; x_wconf 81' lang='lat' dir='ltr'>inquit,</span> <span class='ocrx_word' id='word_1_266' title='bbox 936 3680 1065 3743; x_wconf 79' lang='lat' dir='ltr'>demum</span> <span class='ocrx_word' id='word_1_267' title='bbox 1096 3686 1289 3742; x_wconf 79' lang='lat' dir='ltr'>uenerantur.</span> <span class='ocrx_word' id='word_1_268' title='bbox 1321 3676 1388 3742; x_wconf 90' lang='lat' dir='ltr'>illis</span> <span class='ocrx_word' id='word_1_269' title='bbox 1421 3676 1607 3761; x_wconf 87' lang='lat' dir='ltr'>supplicant</span> <span class='ocrx_word' id='word_1_270' title='bbox 1719 3735 1720 3744; x_wconf 73' lang='grc'>,</span> 
     </span>
    </p>
   </div>
   <div class='ocr_carea' id='block_1_15' title="bbox 380 3777 1720 4412">
    <p class='ocr_par' dir='ltr' id='par_1_17' title="bbox 380 3777 1720 4412">
     <span class='ocr_line' id='line_1_32' title="bbox 382 3777 1720 3869; baseline -0.001 -20"><span class='ocrx_word' id='word_1_271' title='bbox 382 3804 468 3868; x_wconf 89' lang='lat' dir='ltr'>genu</span> <span class='ocrx_word' id='word_1_272' title='bbox 491 3783 607 3869; x_wconf 86' lang='lat' dir='ltr'>posito,</span> <span class='ocrx_word' id='word_1_273' title='bbox 631 3784 688 3849; x_wconf 90' lang='lat' dir='ltr'>illa</span> <span class='ocrx_word' id='word_1_274' title='bbox 711 3784 857 3869; x_wconf 85' lang='lat' dir='ltr'>adorant,</span> <span class='ocrx_word' id='word_1_275' title='bbox 882 3783 947 3849; x_wconf 89' lang='lat' dir='ltr'>illis</span> <span class='ocrx_word' id='word_1_276' title='bbox 970 3804 1028 3869; x_wconf 85' lang='lat' dir='ltr'>per</span> <span class='ocrx_word' id='word_1_277' title='bbox 1052 3791 1155 3849; x_wconf 88' lang='lat' dir='ltr'>totum</span> <span class='ocrx_word' id='word_1_278' title='bbox 1178 3781 1331 3849; x_wconf 84' lang='lat' dir='ltr'>adsident</span> <span class='ocrx_word' id='word_1_279' title='bbox 1354 3782 1439 3850; x_wconf 90' lang='lat' dir='ltr'>diem</span> <span class='ocrx_word' id='word_1_280' title='bbox 1464 3791 1521 3849; x_wconf 87' lang='lat' dir='ltr'>aut</span> <span class='ocrx_word' id='word_1_281' title='bbox 1549 3782 1605 3848; x_wconf 93' lang='lat' dir='ltr'>ad·</span> <span class='ocrx_word' id='word_1_282' title='bbox 1719 3777 1720 3786; x_wconf 71' lang='grc'>’</span> 
     </span>
     <span class='ocr_line' id='line_1_33' title="bbox 387 3890 1608 3977; baseline -0.004 -18"><span class='ocrx_word' id='word_1_283' title='bbox 387 3896 484 3976; x_wconf 84' lang='lat' dir='ltr'>stant,</span> <span class='ocrx_word' id='word_1_284' title='bbox 507 3890 573 3958; x_wconf 90' lang='lat' dir='ltr'>illis</span> <span class='ocrx_word' id='word_1_285' title='bbox 597 3890 714 3977; x_wconf 90' lang='lat' dir='ltr'>stipem</span> <span class='ocrx_word' id='word_1_286' title='bbox 737 3890 868 3976; x_wconf 81' lang='lat' dir='ltr'>iaciunt,</span> <span class='ocrx_word' id='word_1_287' title='bbox 891 3892 1042 3957; x_wconf 84' lang='lat' dir='ltr'>victimas</span> <span class='ocrx_word' id='word_1_288' title='bbox 1066 3891 1219 3957; x_wconf 87' lang='lat' dir='ltr'>caedunt:</span> <span class='ocrx_word' id='word_1_289' title='bbox 1248 3896 1281 3957; x_wconf 95' lang='lat' dir='ltr'>et</span> <span class='ocrx_word' id='word_1_290' title='bbox 1304 3911 1377 3957; x_wconf 90' lang='lat' dir='ltr'>cum</span> <span class='ocrx_word' id='word_1_291' title='bbox 1399 3890 1481 3957; x_wconf 89' lang='lat' dir='ltr'>haec</span> <span class='ocrx_word' id='word_1_292' title='bbox 1503 3897 1608 3955; x_wconf 89' lang='lat' dir='ltr'>tanto·</span> 
     </span>
     <span class='ocr_line' id='line_1_34' title="bbox 382 3996 1607 4084; baseline 0 -21"><span class='ocrx_word' id='word_1_293' title='bbox 382 4018 459 4084; x_wconf 89' lang='lat' dir='ltr'>pere</span> <span class='ocrx_word' id='word_1_294' title='bbox 475 3997 662 4083; x_wconf 89' lang='lat' dir='ltr'>suspiciant,</span> <span class='ocrx_word' id='word_1_295' title='bbox 680 3996 799 4078; x_wconf 80' lang='lat' dir='ltr'>fabros,</span> <span class='ocrx_word' id='word_1_296' title='bbox 815 4000 870 4083; x_wconf 90' lang='lat' dir='ltr'>qui</span> <span class='ocrx_word' id='word_1_297' title='bbox 885 3998 943 4064; x_wconf 89' lang='lat' dir='ltr'>illa</span> <span class='ocrx_word' id='word_1_298' title='bbox 959 3997 1073 4082; x_wconf 85' lang='lat' dir='ltr'>fecere,</span> <span class='ocrx_word' id='word_1_299' title='bbox 1088 4002 1321 4063; x_wconf 84' lang='lat' dir='ltr'>contemnunt.“</span> <span class='ocrx_word' id='word_1_300' title='bbox 1352 3997 1432 4065; x_wconf 91' lang='lat' dir='ltr'>lbid.</span> <span class='ocrx_word' id='word_1_301' title='bbox 1456 3997 1534 4065; x_wconf 81' lang='lat'>114.</span> <span class='ocrx_word' id='word_1_302' title='bbox 1558 3999 1607 4079; x_wconf 85' lang='lat'>13,</span> 
     </span>
     <span class='ocr_line' id='line_1_35' title="bbox 384 4085 1720 4190; baseline -0.001 -19"><span class='ocrx_word' id='word_1_303' title='bbox 384 4108 426 4171; x_wconf 89' lang='grc'>14</span> <span class='ocrx_word' id='word_1_304' title='bbox 436 4112 468 4171; x_wconf 90' lang='lat' dir='ltr'>ct</span> <span class='ocrx_word' id='word_1_305' title='bbox 477 4104 520 4170; x_wconf 91' lang='lat' dir='ltr'>VI</span> <span class='ocrx_word' id='word_1_306' title='bbox 531 4108 583 4171; x_wconf 77' lang='lat'>25.</span> <span class='ocrx_word' id='word_1_307' title='bbox 596 4108 616 4167; x_wconf 85' lang='lat'><strong>3</strong></span> <span class='ocrx_word' id='word_1_308' title='bbox 633 4110 675 4190; x_wconf 87' lang='lat' dir='ltr'>(p.</span> <span class='ocrx_word' id='word_1_309' title='bbox 690 4108 755 4171; x_wconf 87' lang='grc'>443</span> <span class='ocrx_word' id='word_1_310' title='bbox 771 4112 844 4190; x_wconf 74' lang='lat' dir='ltr'>sul:</span> <span class='ocrx_word' id='word_1_311' title='bbox 855 4105 984 4183; x_wconf 85' lang='lat' dir='ltr'>Quanto</span> <span class='ocrx_word' id='word_1_312' title='bbox 997 4105 1114 4172; x_wconf 91' lang='lat' dir='ltr'>melius</span> <span class='ocrx_word' id='word_1_313' title='bbox 1129 4104 1256 4172; x_wconf 85' lang='lat' dir='ltr'>Seneca</span> <span class='ocrx_word' id='word_1_314' title='bbox 1266 4106 1430 4171; x_wconf 85' lang='lat' dir='ltr'>otverius!</span> <span class='ocrx_word' id='word_1_315' title='bbox 1444 4104 1608 4179; x_wconf 80' lang='lat' dir='ltr'>„Voltisne</span> <span class='ocrx_word' id='word_1_316' title='bbox 1719 4085 1720 4154; x_wconf 54' lang='lat' dir='ltr'>i</span> 
     </span>
     <span class='ocr_line' id='line_1_36' title="bbox 380 4201 1720 4298; baseline -0.001 -21"><span class='ocrx_word' id='word_1_317' title='bbox 380 4232 448 4295; x_wconf 89' lang='lat' dir='ltr'>vos,</span> <span class='ocrx_word' id='word_1_318' title='bbox 472 4212 582 4297; x_wconf 86' lang='lat' dir='ltr'>inquit,</span> <span class='ocrx_word' id='word_1_319' title='bbox 603 4215 692 4278; x_wconf 83' lang='lat' dir='ltr'>deum</span> <span class='ocrx_word' id='word_1_320' title='bbox 714 4214 848 4297; x_wconf 73' lang='lat' dir='ltr'>&#39;cogitare</span> <span class='ocrx_word' id='word_1_321' title='bbox 870 4233 1024 4297; x_wconf 88' lang='lat' dir='ltr'>magnum</span> <span class='ocrx_word' id='word_1_322' title='bbox 1047 4220 1080 4279; x_wconf 87' lang='lat' dir='ltr'>et</span> <span class='ocrx_word' id='word_1_323' title='bbox 1101 4213 1266 4298; x_wconf 90' lang='lat' dir='ltr'>placidum</span> <span class='ocrx_word' id='word_1_324' title='bbox 1290 4219 1324 4277; x_wconf 89' lang='lat' dir='ltr'>et</span> <span class='ocrx_word' id='word_1_325' title='bbox 1345 4212 1519 4278; x_wconf 88' lang='lat' dir='ltr'>maiestate</span> <span class='ocrx_word' id='word_1_326' title='bbox 1542 4210 1607 4277; x_wconf 85' lang='lat' dir='ltr'>leni</span> <span class='ocrx_word' id='word_1_327' title='bbox 1719 4201 1720 4262; x_wconf 65' lang='lat' dir='ltr'>i</span> 
     </span>
     <span class='ocr_line' id='line_1_37' title="bbox 381 4318 1720 4412; baseline -0.001 -27"><span class='ocrx_word' id='word_1_328' title='bbox 381 4318 565 4399; x_wconf 89' lang='lat' dir='ltr'>verendum,</span> <span class='ocrx_word' id='word_1_329' title='bbox 591 4319 728 4385; x_wconf 91' lang='lat' dir='ltr'>amicum</span> <span class='ocrx_word' id='word_1_330' title='bbox 753 4328 785 4385; x_wconf 89' lang='lat' dir='ltr'>ct</span> <span class='ocrx_word' id='word_1_331' title='bbox 809 4340 936 4405; x_wconf 88' lang='lat' dir='ltr'>semper</span> <span class='ocrx_word' id='word_1_332' title='bbox 959 4320 991 4383; x_wconf 94' lang='lat' dir='ltr'>in</span> <span class='ocrx_word' id='word_1_333' title='bbox 1014 4320 1170 4405; x_wconf 83' lang='lat' dir='ltr'>proximo,</span> <span class='ocrx_word' id='word_1_334' title='bbox 1191 4338 1254 4384; x_wconf 91' lang='lat' dir='ltr'>non</span> <span class='ocrx_word' id='word_1_335' title='bbox 1277 4319 1552 4386; x_wconf 89' lang='lat' dir='ltr'>immolationibus</span> <span class='ocrx_word' id='word_1_336' title='bbox 1575 4324 1609 4384; x_wconf 86' lang='lat' dir='ltr'>et</span> <span class='ocrx_word' id='word_1_337' title='bbox 1719 4335 1720 4412; x_wconf 58' lang='grc' dir='ltr'>ζ</span> 
     </span>
    </p>
   </div>
   <div class='ocr_carea' id='block_1_16' title="bbox 382 4426 1609 4727">
    <p class='ocr_par' dir='ltr' id='par_1_18' title="bbox 382 4426 1609 4727">
     <span class='ocr_line' id='line_1_38' title="bbox 383 4426 1607 4511; baseline 0 -19"><span class='ocrx_word' id='word_1_338' title='bbox 383 4427 540 4511; x_wconf 89' lang='lat' dir='ltr'>sanguine</span> <span class='ocrx_word' id='word_1_339' title='bbox 578 4427 675 4493; x_wconf 92' lang='lat' dir='ltr'>multo</span> <span class='ocrx_word' id='word_1_340' title='bbox 713 4426 883 4493; x_wconf 89' lang='lat' dir='ltr'>colendum</span> <span class='ocrx_word' id='word_1_341' title='bbox 917 4431 1014 4511; x_wconf 88' lang='lat' dir='ltr'>(quae</span> <span class='ocrx_word' id='word_1_342' title='bbox 1052 4427 1136 4492; x_wconf 92' lang='lat' dir='ltr'>enim</span> <span class='ocrx_word' id='word_1_343' title='bbox 1173 4448 1213 4493; x_wconf 86' lang='lat' dir='ltr'>ex</span> <span class='ocrx_word' id='word_1_344' title='bbox 1250 4426 1466 4493; x_wconf 88' lang='lat' dir='ltr'>trucidatione</span> <span class='ocrx_word' id='word_1_345' title='bbox 1499 4426 1607 4492; x_wconf 92' lang='lat' dir='ltr'>imme·</span> 
     </span>
     <span class='ocr_line' id='line_1_39' title="bbox 382 4532 1607 4621; baseline 0.002 -24"><span class='ocrx_word' id='word_1_346' title='bbox 382 4533 518 4598; x_wconf 88' lang='lat' dir='ltr'>rentium</span> <span class='ocrx_word' id='word_1_347' title='bbox 550 4534 701 4620; x_wconf 88' lang='lat' dir='ltr'>voluptas</span> <span class='ocrx_word' id='word_1_348' title='bbox 734 4540 816 4614; x_wconf 71' lang='lat' dir='ltr'>esti)</span> <span class='ocrx_word' id='word_1_349' title='bbox 846 4533 905 4600; x_wconf 90' lang='lat' dir='ltr'>sed</span> <span class='ocrx_word' id='word_1_350' title='bbox 936 4543 1034 4599; x_wconf 69' lang='lat' dir='ltr'>mcum</span> <span class='ocrx_word' id='word_1_351' title='bbox 1065 4554 1154 4619; x_wconf 88' lang='lat' dir='ltr'>pura,</span> <span class='ocrx_word' id='word_1_352' title='bbox 1187 4534 1270 4599; x_wconf 94' lang='lat' dir='ltr'>hono</span> <span class='ocrx_word' id='word_1_353' title='bbox 1303 4532 1503 4618; x_wconf 87' lang='lat' dir='ltr'>honestoque</span> <span class='ocrx_word' id='word_1_354' title='bbox 1536 4555 1607 4621; x_wconf 86' lang='lat' dir='ltr'>pro-</span> 
     </span>
     <span class='ocr_line' id='line_1_40' title="bbox 382 4639 1609 4727; baseline 0.003 -24"><span class='ocrx_word' id='word_1_355' title='bbox 382 4639 497 4724; x_wconf 89' lang='lat' dir='ltr'>posito.</span> <span class='ocrx_word' id='word_1_356' title='bbox 542 4662 605 4706; x_wconf 82' lang='lat' dir='ltr'>coa</span> <span class='ocrx_word' id='word_1_357' title='bbox 635 4644 747 4727; x_wconf 79' lang='lat' dir='ltr'>teraplu</span> <span class='ocrx_word' id='word_1_358' title='bbox 769 4643 815 4706; x_wconf 77' lang='lat' dir='ltr'>illa</span> <span class='ocrx_word' id='word_1_359' title='bbox 839 4642 1002 4723; x_wconf 87' lang='lat' dir='ltr'>congestis</span> <span class='ocrx_word' id='word_1_360' title='bbox 1025 4642 1058 4704; x_wconf 93' lang='lat' dir='ltr'>in</span> <span class='ocrx_word' id='word_1_361' title='bbox 1081 4640 1285 4707; x_wconf 89' lang='lat' dir='ltr'>altitudinem</span> <span class='ocrx_word' id='word_1_362' title='bbox 1309 4641 1399 4707; x_wconf 83' lang='lat' dir='ltr'>saxis</span> <span class='ocrx_word' id='word_1_363' title='bbox 1423 4644 1609 4707; x_wconf 76' lang='lat' dir='ltr'>euctmccdc</span> 
     </span>
    </p>
   </div>
   <div class='ocr_carea' id='block_1_17' title="bbox 0 0 1744 5200">
    <p class='ocr_par' dir='ltr' id='par_1_19' title="bbox 0 0 1744 5200">
     <span class='ocr_line' id='line_1_41' title="bbox 0 0 1744 5200; baseline 0 0"><span class='ocrx_word' id='word_1_364' title='bbox 0 0 1744 5200; x_wconf 95' lang='lat' dir='ltr'> </span> 
     </span>
    </p>
   </div>
  </div>
 </body>
</html>
