3459 5200
945 478 987 542 el

464 688 497 751 in
521 687 676 751 commi
763 682 767 690 '
851 687 887 750 in
911 685 1079 750 comm.ll
1283 684 1316 747 in
1339 682 1444 747 schol.

384 811 416 873 p.
443 789 483 854 lV
506 791 630 854 14-16
652 791 751 855 haec:
793 811 824 874 p.
848 789 908 855 XII
930 789 1014 854 5-6
1035 790 1131 853 haec:
1191 807 1223 870 p.
1245 787 1306 851 Xll
1330 786 1484 850 ll-Xlll
1507 786 1545 849 8:

420 915 604 1005 Μετρικάὁὲ
619 915 750 1002 ἄτακτα,
816 915 956 1003 Μετρικὰ
971 918 1006 982 δέ
1026 915 1148 982 ἄτακτοί
1218 915 1289 980 οὔτε
1316 916 1352 979 δὲ
1379 909 1560 999 ὁμοιὸιητα

387 1021 446 1086 ὁσα
479 1021 516 1086 ἐκ
549 1021 666 1106 μέτρων
695 1023 750 1107 μέν
786 1021 874 1104 ἐστιν,
888 1018 967 1104 ἅπερ
978 1019 1079 1107 μέτρῳ
1092 1021 1147 1107 μέν
1182 1021 1250 1105 ἔχει
1293 1017 1369 1103 πρὸς
1411 1015 1557 1102 ἄλληλα,

387 1123 640 1211 ὁμολογουμένων
681 1145 749 1190 συν-
780 1122 954 1210 γέγραπταέ
979 1144 1047 1207 τινι,
1077 1123 1148 1189 οὔτε
1182 1119 1262 1186 ὥστε
1294 1119 1428 1206 στιχήρη
1463 1118 1562 1204 γενέ-

386 1228 509 1313 έστηκε,
538 1225 620 1306 τάξιν
642 1227 751 1292 δὲκαὶ
782 1227 816 1292 δέ
864 1225 1032 1314 ὁμοιὰσνγτα
1080 1229 1147 1314 ἔχει
1182 1225 1268 1307 σθαι,
1284 1222 1355 1288 οὔτε
1371 1221 1561 1308 ἀνακύκλη-

386 1329 594 1416 circadalium
604 1329 663 1395 οὸκ
674 1331 750 1416 ἔχει,
781 1327 859 1415 πρὸς
909 1329 1033 1415 ἄλληλα
1076 1330 1147 1397 οὔτε
1182 1349 1238 1408 σιν,
1255 1325 1335 1392 ὥστε
1346 1327 1428 1392 κατὰ
1442 1325 1562 1411 σχέσιν

387 1434 458 1501 οὔτε
469 1432 551 1499 κατὰ
562 1434 667 1520 στίχον
678 1433 751 1499 οὐδέ
781 1431 1001 1517 ἀνακύκλησιν.
1180 1423 1562 1517 γενέσθαιάλλάἇδιοὶ-

386 1536 609 1624 συστηματικοὶ.
1180 1556 1299 1619 ρορον
1313 1532 1381 1619 τὴν
1394 1539 1467 1599 τῶν
1485 1533 1561 1619 μέ-

1180 1658 1279 1722 τρων
1316 1635 1560 1722 ἐξαλλαγήν.

1180 1779 1223 1788 -
1245 1739 1316 1806 οὔτε
1338 1740 1374 1804 δέ
1396 1738 1447 1823 [τοὶ
1470 1738 1560 1806 ἀπσ-

1179 1843 1377 1929 λελυμέναΡ)
1445 1844 1561 1927 φησίν,

1181 1945 1393 2031 ἀνακύκλησιν
1470 1947 1561 2032 ἔχει,

1181 2047 1247 2114 ἀλλ’
1286 2047 1421 2115 αὐτόθεν
1466 2051 1561 2117 ἐστὶν

1180 2145 1492 2241 ὁμολογούμενα.

471 2275 542 2339 lam
560 2273 684 2339 Caesar
703 2274 779 2355 (em.
796 2273 903 2354 Heph.
920 2273 947 2337 ll
964 2293 996 2355 p.
1023 2271 1135 2358 XVIII)
1161 2275 1336 2358 professus
1365 2279 1417 2340 est
1443 2295 1555 2341 voces

390 2374 455 2440 ἀλλ’
480 2374 613 2442 αὐτόθεν
642 2375 722 2441 ἐστὶν
743 2373 978 2460 ὁμολογούμενα
999 2396 1041 2440 ex
1063 2377 1122 2456 eis,
1151 2397 1235 2460 quae
1264 2378 1299 2443 in
1321 2379 1432 2461 priore
1454 2399 1559 2444 com·

389 2481 553 2545 mentario
569 2481 732 2562 leguntur,
754 2478 939 2544 faciliorem
953 2479 1078 2544 habere
1102 2481 1358 2563 explicationem
1384 2502 1485 2565 quam
1509 2505 1559 2550 ex

392 2583 452 2662 eie,
481 2584 601 2667 quibus
624 2582 812 2666 adscriptae
840 2587 928 2661 sunt,
958 2582 1018 2648 sed
1034 2583 1124 2666 quod
1145 2583 1282 2664 addidit,
1306 2585 1449 2651 fortasse
1470 2585 1562 2653 inde

390 2688 543 2752 conicere
554 2686 655 2751 licere
664 2687 699 2751 in
711 2686 764 2751 his
775 2686 857 2769 ipsis
869 2706 986 2751 vocem
998 2678 1235 2772 ὁμολογουμένιμ
1247 2688 1459 2754 inserendam
1472 2710 1560 2757 esse

389 2790 499 2855 verbis
522 2786 602 2873 ἅπερ
625 2787 726 2874 μέτρῳ
751 2790 806 2875 μέν
827 2785 1009 2874 γέγραπταίΙ
1022 2810 1087 2871 τινι,
1110 2810 1228 2873 pamm
1251 2796 1341 2857 recte
1356 2792 1559 2875 disputavit,

389 2894 502 2976 Neque
536 2894 624 2958 enim
657 2889 787 2977 μετρικοὶ
820 2890 945 2956 ἄτακτα
981 2896 1059 2957 sunt
1093 2914 1142 2972 ea,
1176 2914 1261 2977 quae
1295 2900 1402 2961 metro
1434 2896 1558 2979 aliquo

390 2996 522 3078 cognito
556 2994 693 3061 condita
726 3000 804 3060 sunt
837 2992 932 3079 (ἅπερ
966 2994 1068 3081 μέτρῳ
1100 2994 1274 3080 γέγραπταί
1302 3018 1357 3062 τινι
1378 2994 1559 3084 ὁμολογου-

391 3098 495 3184 μένῳ),
523 3100 583 3164 sed
610 3100 645 3165 in
674 3100 793 3182 quihus
821 3099 937 3164 usitati
965 3103 999 3164 et
1032 3100 1171 3182 legitimi
1193 3120 1310 3165 versus
1337 3100 1447 3187 (μέτρα
1475 3101 1562 3188 ὁμο-

390 3200 577 3287 λογούμενα)
599 3204 646 3267 ita
668 3207 924 3285 componuntur,
947 3208 984 3267 ut
999 3222 1107 3286 neque
1124 3204 1283 3268 continuo
1306 3204 1428 3271 similia
1441 3212 1562 3275 metra

392 3325 466 3371 sese
494 3307 663 3388 excipiant
689 3306 787 3387 (κατὰ
817 3304 946 3390 στίχον),
976 3326 1085 3390 neque
1113 3307 1148 3371 in
1177 3312 1359 3373 metrorum
1388 3310 1561 3379 mixtione

392 3408 496 3494 σχέσις
525 3410 687 3492 quaedam
716 3410 896 3491 perluceat,
924 3408 984 3475 sed
1010 3407 1052 3487 ὡς
1079 3407 1153 3475 ὁταν
1180 3410 1308 3496 ἐλεγείῳ
1326 3412 1480 3498 προστιθῇ
1509 3436 1563 3494 τις

393 3512 530 3597 ἰαμβεῖον
551 3511 666 3597 ticillo
681 3534 709 3576 τι
731 3513 799 3595 (Ar.
823 3513 935 3591 Quint.
958 3534 991 3596 p.
1013 3515 1065 3593 37,
1088 3516 1193 3592 8-9,
1222 3515 1263 3579 de
1286 3536 1351 3600 quo
1366 3516 1440 3581 loco
1462 3515 1564 3584 infra

393 3616 584 3698 disseram);
614 3616 654 3680 cf.
685 3617 787 3682 etiam
808 3616 846 3681 G.
868 3617 1040 3682 Hermann
1068 3620 1103 3681 in
1126 3619 1166 3683 el.
1180 3619 1222 3685 d.
1244 3638 1289 3683 m.
1311 3640 1344 3701 p.
1366 3620 1418 3683 el.
1460 3618 1561 3701 Ergo

391 3720 489 3784 unice
516 3739 596 3783 vere
622 3723 674 3784 est
702 3738 750 3797 ea,
779 3740 863 3803 quae
886 3720 921 3784 in
946 3721 1058 3802 priore
1080 3720 1322 3786 commentario
1352 3721 1470 3802 legitur
1493 3722 1562 3786 de—

394 3822 547 3904 scriptio:
581 3819 710 3907 μετρικιὶ
739 3820 861 3886 ἀτακτοὶ
888 3822 977 3905 ἐστιν,
1006 3820 1065 3886 ὅσα
1094 3822 1131 3886 ἐκ
1158 3821 1276 3908 μέτρων
1299 3820 1563 3908 ὁμολογουμένων

393 3923 571 4009 συνέστηκε,
600 3945 675 3990 cum
702 3927 817 4005 altera,
844 3926 881 3990 in
910 3946 975 4008 qua
1002 3926 1113 3991 verbis
1146 3924 1228 4011 ἅπερ
1256 3924 1358 4012 μέτρῳ
1379 3924 1565 4011 γέγραπταί

393 4049 447 4093 τινι
469 4028 550 4093 illud
572 4029 694 4111 dequo
722 4029 830 4109 agitur
859 4029 1045 4095 carminum
1073 4050 1178 4112 genus
1202 4031 1384 4113 opponitur
1406 4030 1560 4097 orationi

395 4132 538 4210 solutae,
577 4131 688 4213 potius
728 4134 772 4197 ad
805 4130 1022 4217 ἀπολελυμένοι
1056 4153 1156 4217 quam
1187 4135 1231 4199 ad
1263 4131 1394 4219 μετρικοὶ
1429 4131 1562 4200 ἄτακτα

483 4338 501 4407 ¹)
524 4337 556 4390 τοὶ
578 4332 763 4406 ἀπολελυμένα
791 4337 843 4392 del.
868 4338 982 4401 Caesam
1005 4339 1109 4393 inserta
1132 4354 1195 4393 esse
1211 4340 1340 4394 videntur
1362 4340 1437 4393 sacili
1455 4357 1560 4398 errore

395 4430 507 4495 propter
541 4425 668 4494 proxime
708 4426 918 4479 antecedentem
951 4428 1003 4479 τῶν
1031 4422 1235 4494 ἀπολελυμένον
1264 4427 1487 4496 descriptionem
1519 4432 1561 4483 σι’

395 4512 501 4567 ἄτακτα
519 4512 687 4581 scripserunt
705 4512 789 4567 Pauw
807 4518 835 4567 el
851 4514 1005 4582 Wostphal.
