3459 5200
941 392 983 457 74

859 481 1071 490 .-.--......-,

437 587 489 670 87,
515 588 555 652 17
580 583 597 649 ὁ
619 589 699 672 χθές
721 587 905 668 βασιλε6ς,
929 583 948 650 ὁ
970 590 1049 673 χθὲς
1072 585 1104 650 έν
1127 587 1200 672 δόξῃ
1225 593 1320 674 μέγας

436 693 489 776 84,
513 692 535 759 5
559 697 656 779 μάτην
678 694 847 776 βασιλεὺς
870 693 1066 781 ὠνομαζόμην
1089 693 1150 778 ἄρα

437 801 489 880 94,
512 801 533 864 7
557 795 648 872 αὐτὸς
671 801 814 882 βασιλεῖ
837 805 872 866 τὸ
895 805 1051 888 σκοτηθέν
1075 806 1222 884 γνωρίσας

436 906 488 988 90,
511 907 554 972 38
578 904 620 978 ἀς
641 907 711 979 τοὺς
733 907 920 994 ποταμοὺς
941 903 962 993 ἡ
986 910 1131 973 θάλασσα
1154 909 1226 980 τοὺς
1248 907 1331 992 πέριξ

436 1013 489 1090 76,
514 1014 534 1077 6
558 1016 660 1078 πιστὸν
683 1010 847 1100 Μιχαήλ,
872 1017 921 1078 τὸν
944 1019 1008 1078 νέον
1032 1027 1089 1101 γῆς
1112 1016 1260 1100 δεσπότην

435 1117 541 1201 Etym.
568 1120 630 1186 183
653 1123 703 1184 τὸν
727 1116 753 1183 δ’
777 1120 944 1207 ἐγκέφαλον
968 1119 999 1185 ἐν
1021 1123 1167 1208 κεφαλῇ
1191 1132 1250 1194 πᾶς
1274 1126 1355 1207 φέρει

435 1224 541 1309 Etym.
569 1226 631 1292 157
655 1230 754 1310 κάρας
777 1222 803 1290 δ’
827 1224 939 1313 ὀροφὴν
962 1230 1016 1313 τὴν
1040 1233 1198 1314 κορυφήν
1222 1249 1272 1313 μοι
1295 1233 1356 1292 νόει

435 1330 541 1415 Etym.
565 1333 608 1398 37
632 1338 717 1398 νότου
739 1337 816 1406 νοτὶς
838 1335 870 1397 δέ
892 1346 948 1419 τῆς
970 1340 1105 1420 νεάτης
1128 1333 1222 1419 ἐκρέει

435 1436 542 1522 Etym.
566 1436 630 1505 8
610 1462 651 1504 ων
672 1443 711 1504 τὰ
733 1438 869 1528 Σεραφὶ
874 1464 896 1526 μ
918 1445 971 1506 καὶ
994 1439 1148 1527 Χερουβὶμ
1170 1437 1199 1505 οἱ
1220 1445 1297 1507 πάνυ
1302 1439 1326 1518 )

437 1797 488 1879 87,
513 1751 667 1860 6ἀλλ’
647 1815 746 1878 ωσπερ
767 1791 911 1860 ἄλλον’
884 1818 938 1859 ουκ
961 1794 1080 1881 ἔχωνβ
1063 1797 1215 1878 βασιλέα

437 1902 489 1984 81,
512 1900 686 1988 9ἄφιυνος,
710 1899 828 1975 ἄπνους,
851 1911 927 1986 χοῦς
951 1908 1039 1989 μόνον
1063 1904 1255 1990 λελυμένος

436 2008 490 2084 83,
517 2008 558 2072 10
580 2007 753 2073 ἀνάπλασον
776 2010 864 2073 πάλιν
889 2012 996 2094 μετὸν
1020 2011 1215 2096 λελυμένον

437 2187 490 2268 31,
514 2123 580 2251 75
580 2183 740 2272 ἄψαυστος,
765 2183 972 2270 ἀπρόσιτος,
996 2185 1144 2260 άστεκτος
1167 2191 1253 2271 φὺοει

437 2289 541 2375 Etym
567 2293 629 2358 183
653 2295 704 2356 τὸν
728 2291 792 2357 δ’έ
798 2314 840 2372 γκ
845 2296 1031 2381 έφαλον
1007 2292 1039 2360 ἐν
1062 2296 1183 2383 κεφαλῇ
1206 2304 1267 2366 πᾶς
1289 2299 1370 2381 φέρει

428 2412 581 2553 30,13
578 2480 693 2556 γνῶμαι
717 2477 816 2558 σοφῶν
839 2475 946 2535 τεκαὶ
968 2477 1054 2558 νόμοι
1077 2473 1257 2554 βασιλέων

435 2577 488 2660 48,
510 2576 533 2642 4
555 2579 643 2663 χάριν
667 2600 698 2641 τε
720 2577 859 2664 λαμπράν
883 2573 1022 2661 ε6σεβοῦς
1045 2580 1222 2661 βασιλέως

435 2682 490 2765 54,
517 2682 596 2749 15
580 2706 622 2756 ως
645 2686 766 2768 τερπνὸν
790 2679 872 2749 οὐδέν
894 2682 971 2749 ἄλλο
995 2687 1073 2769 πλὴν
1097 2688 1281 2767 βασιλέως

435 2788 489 2871 54,
515 2790 556 2855 18
580 2786 677 2862 οὕτως
698 2788 770 2874 ἄρα,
794 2796 932 2875 κράτιστε
954 2802 1013 2856 τῶν
1037 2793 1214 2873 βασιλέων

436 2894 488 2979 54,
511 2896 555 2961 34
577 2896 645 2981 ἐμοὶ
668 2896 699 2960 δέ
722 2900 767 2975 σ6,
791 2902 931 2981 κράτιστε
951 2906 1011 2962 τῶν
1034 2900 1212 2981 βασιλέων

435 3000 489 3085 55,
516 3002 556 3066 13
580 3000 604 3065 ὦ
628 3014 686 3069 τῶν
710 3006 854 3068 τοσοέιτιυν
876 3004 983 3092 §zoom
1007 3007 1183 3087 βασιλέων

434 3106 489 3185 57,
512 3108 535 3173 4
557 3112 614 3181 τὰς
637 3110 750 3193 δωρεὰς
771 3113 828 3195 γὰρ
851 3119 913 3176 τῶν
936 3116 993 3197 πρὸ
1017 3122 1069 3177 τοῦ
1092 3114 1264 3195 βασιλέων

437 3214 489 3298 70,
513 3216 535 3279 4
558 3216 752 3300 βασιλικῆς
775 3222 926 3304 γνώρισμα
949 3220 1084 3305 λαμπρὸν
1109 3217 1197 3291 ἀξίας

435 3319 488 3398 51,
512 3316 589 3384 4
557 3343 646 3393 ουτος
669 3317 695 3385 δ’
710 3318 727 3385 ὁ
751 3323 843 3395 δεινὸς
863 3335 918 3409 τῆς
939 3321 1113 3408 Αραβὶας
1136 3326 1228 3397 λὺκος

435 3436 917 3586 37,106χαρτοφ6λαξ·ιυ
942 3514 1067 3582 στυγνῶν
1091 3501 1290 3589 ἀκουσμάτων

435 3605 489 3688 37,
516 3607 554 3671 11
579 3602 596 3669 ὁ
620 3606 871 3693 χαρτοφὺλαξ,
895 3603 930 3672 οὖ
953 3612 988 3672 τὸ
1012 3612 1078 3693 πρὶν
1102 3614 1178 3695 μέγα
1200 3610 1297 3681 κλέος

347 3725 512 3813 Simplioio
535 3729 686 3795 vocabuli
710 3730 806 3817 φὺλαξ
828 3730 969 3815 priorem
992 3730 1153 3816 syllabam
1175 3732 1315 3799 Ioannes
1340 3733 1495 3819 corripuit
1521 3736 1583 3814 (of.

346 3834 478 3919 46,10
503 3835 557 3920 56,
582 3838 614 3903 9.
638 3838 690 3921 59,
717 3840 746 3915 1)
771 3857 810 3903 ao
832 3857 873 3902 ne
897 3831 997 3904 semel
1020 3838 1152 3922 quidem
1175 3839 1336 3925 produxit„

436 4147 528 4292 76,1
555 4215 652 4297 μήτηρ
676 4234 720 4289 σε,
744 4216 857 4283 τέκνον,
881 4209 1036 4278 ἰκετεῦσι
1057 4218 1210 4297 παρθένος

435 4317 489 4400 80,
515 4317 534 4381 7
558 4320 591 4381 σέ
612 4320 664 4381 τὸν
687 4321 822 4403 συνεργὸν
845 4316 994 4384 ἱκετευει
1016 4329 1068 4385 τοῦ
1090 4326 1219 4405 κράταις

438 4560 458 4629 ¹)
488 4562 528 4618 Do
546 4563 680 4632 producta
696 4565 795 4620 vocula
812 4566 844 4615 τὰ
863 4566 895 4619 of.
915 4584 943 4635 p.
963 4567 1005 4621 78.

437 4649 459 4719 ’1
487 4651 610 4718 Correxi;
630 4669 665 4713 τις
684 4652 766 4704 σκέπει
784 4654 860 4709 codd.
