3459 5200
612 503 670 510 ,,
692 411 822 510 PL

190 605 224 672 S.
250 612 314 671 nat.
336 613 459 688 quaest.
475 606 522 670 Ill
538 609 589 673 20.
611 611 622 671 l
643 626 706 689 sq.:
733 608 795 686 „At
818 626 919 690 quare
942 606 1037 689 aquis
1059 629 1153 691 sopor
1178 606 1325 674 satiust*

106 719 256 796 quattuor
281 732 318 777 ex
344 713 469 779 causis:
584 720 699 796 quarta
728 734 767 778 ex
801 713 888 791 vitio,
913 712 999 796 quod
1024 734 1123 799 saepe
1147 714 1330 798 concipiunt

104 829 264 904 corruptae
288 840 345 905 per
367 820 526 888 iniuriam.
575 819 636 885 hae
665 841 785 886 causac
808 843 948 905 saporem
972 820 1051 884 dant
1074 821 1168 904 aquis
1194 821 1328 904 varium,

111 979 159 994 ...
176 926 240 992 hae
253 949 379 1010 matrem
398 926 544 1011 spiritum
562 929 744 1012 odoremque
753 932 946 1012 peotfferum
967 927 1029 992 lrac
1043 927 1210 993 levitatem
1225 928 1330 1010 gravi-

104 1041 275 1117 tatemque.
380 1034 522 1118 interest,
547 1041 650 1098 utrum
674 1034 746 1098 loca
771 1034 923 1118 sulphure
947 1055 988 1099 au
1012 1034 1096 1099 nitro
1121 1055 1163 1098 an
1186 1037 1331 1099 bitumine

105 1143 198 1226 plena
222 1141 418 1208 transierint.
444 1141 504 1207 hae
528 1141 652 1207 ratione
675 1151 837 1226 corruptae
861 1163 932 1206 eum
957 1143 1044 1207 vitae
1060 1142 1203 1226 periculo
1219 1142 1330 1207 bibun-

104 1257 160 1313 tur.
184 1249 225 1314 ib.
256 1253 308 1314 25.
326 1251 361 1314 5:
397 1247 563 1324 Quosdam
595 1251 679 1314 lucrm
712 1269 800 1332 esse,
833 1251 887 1332 qui
920 1252 1016 1314 occdi
1043 1253 1190 1334 inperitos
1218 1249 1331 1332 ferant,

103 1364 210 1422 notum
236 1363 303 1422 est:
339 1363 408 1421 arat
430 1355 464 1421 in
488 1355 609 1438 Sicilia,
640 1362 689 1421 est
718 1363 749 1420 et
777 1353 884 1421 adhuc
916 1356 949 1419 in
977 1356 1072 1439 Syria
1104 1353 1267 1439 stagnum,
1300 1356 1332 1419 iu

105 1483 164 1545 quc
197 1471 314 1528 natam
344 1463 463 1528 lateres
497 1470 529 1527 et
560 1463 662 1545 mergi
693 1466 828 1546 proiecto
867 1483 930 1528 nou
962 1470 1110 1547 possunt,
1147 1463 1222 1528 licet
1259 1483 1330 1546 gra-

104 1571 192 1634 viora
216 1572 292 1636 sint.

190 1714 227 1779 Τ.
252 1691 390 1778 flistjv
416 1717 445 1780 7.
470 1715 505 1779 4:
530 1721 644 1778 cuneta
669 1722 773 1798 spturtc
797 1712 886 1778 edita
910 1720 966 1778 aut
988 1737 1081 1779 mauu
1106 1721 1188 1781 sata.

192 1821 225 1887 S.
250 1830 318 1887 nat.
344 1826 468 1903 quaest.
500 1820 543 1884 Vl
572 1824 624 1887 28.
649 1823 679 1886 l:
716 1827 762 1885 tot
794 1840 920 1886 venena
952 1827 1127 1886 nascuntur
1153 1841 1217 1886 uon
1240 1844 1331 1887 rucco

107 1947 229 2012 sparsa,
254 1927 315 1994 sed
339 1937 453 2012 epoote.

191 2069 228 2136 T.
253 2068 338 2134 Hist.
363 2070 391 2132 V
416 2071 446 2136 9.
466 2072 521 2134 ll:
547 2089 641 2152 quem
665 2077 787 2134 motum
812 2069 964 2136 Caesaris
987 2093 1071 2135 mors
1094 2073 1224 2136 diremit.

192 2177 223 2242 S.
249 2175 293 2241 de
317 2175 364 2240 ira
390 2175 434 2239 ΙΙΙ
456 2179 510 2244 42.
527 2179 561 2242 3:
586 2197 646 2261 par
670 2178 859 2242 acerrimum
884 2175 991 2242 media
1015 2201 1098 2242 mors
1121 2181 1251 2243 (limmat.

192 2321 230 2384 T.
256 2319 340 2384 Hist.
365 2319 391 2384 V
420 2323 467 2385 lb.
489 2323 542 2385 tt:
568 2319 681 2385 Civilis
706 2325 820 2385 instare
836 2327 997 2405 fortunae.

192 2427 224 2491 S.
251 2427 312 2510 Ep.
338 2429 439 2492 224:
465 2426 543 2491 nulli
568 2447 701 2493 necesse
725 2435 775 2492 est
800 2427 988 2494 felicitatem
1018 2449 1112 2493 cursu
1142 2429 1248 2511 sequi:
1284 2435 1334 2494 est

109 2533 238 2617 aliquid,
273 2533 400 2599 etiamsi
429 2554 492 2599 uon
524 2554 720 2619 repugnare,
754 2536 930 2603 subsistere
961 2556 1020 2601 uec
1044 2539 1160 2601 iactare
1183 2540 1334 2620 sartorum

109 2640 228 2707 serenti.

194 2786 232 2849 T.
260 2784 344 2850 Hist.
367 2784 395 2848 V
420 2786 471 2851 22.
488 2788 523 2851 4:
548 2808 612 2851 uer
636 2794 708 2851 atra
731 2788 870 2851 aubibus.

195 2892 227 2957 S.
251 2900 317 2956 nat.
342 2899 467 2975 quaest.
493 2892 523 2956 ll
549 2898 600 2960 26.
620 2896 652 2957 i:
678 2914 717 2957 ne
735 2916 799 2957 our
818 2893 948 2975 quidem
963 2893 1024 2959 uisi
1041 2895 1178 2958 obscura
1193 2896 1332 2957 urbibus.

196 3036 233 3102 T.
261 3035 343 3101 Hist.
364 3036 391 3100 V
407 3038 457 3101 23.
478 3039 532 3101 16:
559 3037 679 3101 crebris
700 3089 751 3103 ...
774 3036 928 3101 imbribus
945 3036 1133 3121 superfusus
1147 3036 1251 3101 amnis
1275 3088 1326 3102 ...

111 3142 246 3206 insulam
272 3146 304 3205 io
320 3145 439 3226 sociem
461 3148 562 3225 stauai
585 3143 737 3229 opplevit.

197 3250 228 3315 S.
254 3258 319 3316 nat.
345 3256 468 3332 quaest.
492 3250 536 3313 lv
563 3256 591 3318 2.
609 3256 643 3317 a:
679 3250 874 3316 continuatis
902 3252 996 3333 aquis
1023 3254 1190 3334 infaciem
1213 3249 1272 3315 lati
1295 3270 1334 3314 ac

113 3354 228 3421 turbidi
253 3356 353 3421 maris
376 3366 496 3439 stoonut
520 3364 576 3434 (sc.
601 3358 718 3437 Nilus).

629 3566 816 3627 Annales.

198 3679 235 3744 T.
265 3680 344 3744 Anu.
368 3678 383 3740 Ι
407 3680 510 3744 416:
536 3678 694 3744 accedere
717 3688 845 3743 matrem
872 3680 1011 3743 ruuliebri
1038 3682 1213 3762 impotentia.
1251 3679 1333 3745 Anu.

114 3782 173 3847 Xll
197 3788 250 3852 bl.
272 3790 325 3852 10:
351 3805 411 3851 uec
434 3784 489 3850 illc
513 3786 633 3869 reticet,
656 3789 851 3869 iupotcutiuru
873 3788 1049 3851 ruultebrem
1064 3787 1245 3869 nimiasque
1259 3806 1335 3870 spes

114 3889 181 3955 eius
210 3912 360 3974 arguens.
399 3890 480 3955 Anu.
514 3892 560 3957 lV
584 3895 636 3959 bi.
661 3895 714 3959 13:
749 3892 886 3957 traditur
914 3894 1011 3959 etiam
1033 3896 1142 3958 tucca
1167 3900 1336 3977 irmoteutio

114 4003 284 4065 extrusum.

201 4106 232 4170 S.
257 4104 300 4170 ad
324 4105 415 4171 Helu.
440 4105 481 4171 do
505 4105 625 4172 consol.
651 4106 727 4170 XIV
753 4110 786 4171 2:
831 4106 969 4171 viderint
992 4106 1068 4171 illae
1091 4115 1218 4186 omium.
1252 4126 1335 4188 quae

116 4212 291 4294 potentiam
316 4213 486 4278 liberorum
508 4217 652 4279 orultobri
674 4218 842 4297 impotentia
857 4221 1017 4297 exercent,
1041 4234 1133 4297 (tuae,
1157 4213 1231 4296 quia
1248 4213 1336 4277 ferui-

117 4318 164 4383 nis
196 4320 333 4386 bonores
365 4341 428 4385 nou
457 4319 532 4385 licet
560 4342 686 4406 gerere,
716 4341 774 4406 per
802 4321 876 4387 illos
906 4322 1097 4386 ambitiosae
1130 4329 1213 4386 sunt.
1252 4321 1335 4385 conf.

117 4422 183 4493 Liv.
207 4427 347 4491 XXXIV
372 4431 406 4493 2:
431 4427 517 4493 demi
541 4429 627 4493 victa
652 4428 782 4494 libertas
807 4435 918 4493 uestra
941 4432 1122 4513 imoroteutia
1144 4430 1299 4494 utuliebri.

203 4570 239 4634 T.
252 4570 334 4637 Anu.
351 4570 364 4635 l
384 4574 432 4637 ll.
445 4576 479 4637 b:
502 4592 596 4655 quam
612 4574 779 4637 srtbicctuot
793 4578 944 4655 ¹torturum
961 4570 1094 4654 regendi
1114 4579 1231 4637 cuncta
1245 4592 1335 4638 onus.

206 4677 236 4741 S.
260 4678 320 4763 Ep.
345 4681 375 4746 9.
397 4680 448 4743 15:
475 4678 587 4763 incipit
603 4684 753 4763 fortunae
777 4698 849 4745 esse
873 4681 1050 4744 subiectum.
