3459 5200
906 384 929 448 4

395 575 487 653 Quae
511 597 582 643 cum
606 577 652 643 ita
676 576 749 661 sint,
772 596 879 642 nonne
901 574 983 641 illud
1005 577 1099 643 uobis
1123 577 1183 643 erit
1206 576 1434 663 quaerendum,
1456 598 1537 643 num

303 691 379 770 post
392 683 571 750 Alexandri
585 684 696 768 Magni
710 689 856 769 tempora
876 682 1051 769 scriptores
1069 684 1260 768 exstiterint,
1284 684 1339 767 qui
1353 684 1535 751 orationem

304 789 348 856 ad
375 791 474 857 Attici
502 791 660 858 sermonis
686 790 778 875 leges
805 790 939 876 propius
970 798 1162 857 revocantes
1195 789 1284 856 duali
1316 811 1449 858 numero
1479 792 1536 859 usi

304 898 381 982 siut,
408 918 484 964 num
511 896 715 982 Aristotcles,
743 897 799 981 qui
825 897 974 980 aequalis
996 896 1065 963 fere
1088 904 1159 962 erat
1182 896 1427 981 Demosthenis,
1455 919 1536 965 num

302 1002 563 1090 Theophrastus,
591 1004 644 1088 qui
672 1003 849 1070 Aristotele
876 1004 1033 1087 magistro
1063 1023 1141 1070 usus
1169 1010 1233 1087 est,
1262 1023 1339 1070 num
1361 1004 1534 1090 Epicurus,

302 1111 360 1176 alii
384 1110 472 1177 duali
496 1112 628 1178 omuino
642 1110 878 1178 abstinuerint?
915 1111 1021 1194 Atque
1045 1131 1117 1175 curu
1140 1130 1198 1196 por
1220 1110 1352 1195 longum
1374 1113 1532 1197 temporis

302 1218 442 1303 spatium
466 1219 587 1286 sensim
611 1217 833 1304 paulatimque
856 1216 971 1283 duales
993 1216 1118 1284 formae
1140 1217 1329 1283 imminutae
1347 1218 1421 1303 sint,
1445 1239 1534 1302 quae

300 1323 420 1390 fuerint
443 1325 642 1392 novissimae
666 1324 859 1409 quandoque
883 1323 1073 1410 exstiterint,
1097 1323 1378 1406 interrogabimus.

389 1432 502 1498 Altera
525 1431 674 1515 quaestio
698 1430 773 1497 inde
797 1439 952 1516 movetur,
976 1431 1064 1516 quod
1086 1432 1121 1497 in
1143 1432 1247 1497 titulis
1270 1431 1389 1499 Atticis
1411 1434 1534 1498 Roma·

299 1556 411 1604 norum
442 1539 675 1624 imperatorum
707 1545 816 1605 aetate
852 1538 965 1605 incisis
1001 1538 1117 1605 duales
1155 1538 1280 1605 formae
1315 1539 1532 1625 reperiuntur.

298 1642 413 1729 Itaque
437 1665 500 1729 quc
524 1652 668 1731 tempore
691 1645 743 1711 hic
766 1665 917 1712 numerus
939 1645 974 1711 iu
996 1646 1097 1711 vitam
1110 1652 1284 1711 revocatus
1298 1645 1348 1730 sit,
1372 1665 1533 1728 quaereu-

298 1750 375 1817 dum
403 1759 462 1819 est.
512 1753 619 1837 Atque
647 1751 861 1818 Guilelmus
890 1750 1046 1817 Schmid
1074 1753 1108 1817 in
1135 1751 1231 1837 libro,
1259 1752 1314 1835 qui
1341 1752 1535 1819 inscribitur

298 1856 368 1943 ,der
394 1858 593 1925 Atticismus‘
625 1862 712 1942 (tom.
736 1859 752 1923 Ι
783 1878 860 1943 pag.
885 1860 942 1939 87)
974 1858 1057 1924 baec
1084 1856 1152 1925 iere
1176 1858 1270 1923 dicit:
1305 1858 1384 1943 ,Der
1409 1859 1531 1926 Dualis

296 1964 419 2029 lrcmmt
461 1965 542 2047 (scil.
574 1963 662 2049 apud
697 1964 837 2031 Dionem
875 1963 1151 2049 Chrysostomum)
1189 1965 1222 2029 in
1258 1964 1423 2032 Nominal·
1459 1966 1530 2031 und

295 2073 539 2142 Vcrbalformen
567 2073 713 2140 ziemlicb
740 2073 850 2159 hAufig
878 2092 953 2142 vor.
967 2126 974 2141 .
989 2125 1020 2141 ..
1050 2094 1086 2140 er
1106 2072 1151 2140 ist
1173 2092 1236 2139 von
1264 2072 1328 2139 den
1351 2072 1527 2139 Atticisten

294 2180 459 2248 huustlich
485 2179 735 2250 wiederbelebt.‘
784 2182 826 2247 ut
852 2181 951 2266 paulo
979 2180 1063 2246 infra
1091 2180 1213 2266 pergit:
1243 2179 1316 2264 ,Die
1345 2186 1442 2266 κοινή,
1471 2177 1530 2245 die

296 2286 440 2374 Spraebe
474 2288 532 2354 der
562 2288 654 2353 LXX
686 2287 850 2373 (Mullacb,
883 2287 1024 2354 Gramm.
1054 2286 1086 2355 d.
1114 2286 1236 2371 griech.
1259 2284 1529 2371 Vulgarspraohe

295 2394 328 2463 S.
345 2395 436 2463 149f.
454 2396 529 2477 151)
553 2394 620 2461 und
643 2394 702 2461 des
720 2396 759 2462 N.
776 2396 813 2461 T.
838 2394 969 2479 (winter,
993 2394 1134 2460 Gramm.
1150 2392 1209 2460 des
1224 2399 1367 2462 neutest.
1384 2392 1529 2478 Spracb-

293 2501 411 2568 idioma
439 2505 469 2569 6.
493 2501 577 2568 Aull.
591 2523 634 2587 p.
661 2504 736 2583 160)
768 2501 871 2567 keuut
897 2500 952 2566 ibn
979 2501 1069 2567 nicht
1094 2501 1195 2568 mehr.
1243 2501 1362 2566 Strabo
1386 2499 1528 2566 hraucbt

293 2608 349 2675 ibn
376 2609 556 2694 jedcufalls
588 2609 678 2676 nicht
710 2609 757 2675 oft
789 2609 845 2692 (im
877 2611 905 2677 l.
929 2608 1039 2675 Buche
1070 2608 1156 2674 habe
1184 2607 1237 2674 ich
1264 2608 1320 2673 ihu
1348 2607 1438 2674 nicht
1466 2628 1528 2690 gc-

293 2715 437 2798 fuuden).
468 2717 528 2784 Als
551 2723 653 2784 etwas
677 2715 905 2800 cigenttlmlich
919 2715 1084 2782 Attisobes
1106 2713 1219 2780 wurde
1239 2713 1348 2780 dieser
1361 2714 1526 2782 Numerus

293 2823 373 2889 aber
395 2823 428 2888 in
451 2822 515 2890 deu
540 2823 765 2909 spracblicben
779 2825 928 2909 Apparet
946 2821 1004 2888 der
1018 2822 1189 2888 Atticisteu
1206 2820 1471 2905 anigencmmcu.
1484 2871 1517 2889 ..

292 2930 358 2996 und
382 2929 462 2996 wird
486 2949 546 2996 uns
568 2930 622 2996 bei
644 2929 732 2996 allen
756 2929 870 2997 diesen
893 2931 1035 3021 Antoren
1058 2928 1245 3012 begegneu‘
1288 2925 1391 3005 Quem
1416 2926 1524 2992 locum

290 3037 370 3103 mihi
393 3035 608 3103 Guilelmus
632 3035 678 3103 de
702 3036 832 3103 Christ
859 3037 966 3103 minus
993 3044 1146 3102 accurate
1172 3035 1360 3121 respexisse
1383 3033 1523 3120 videtur,

291 3164 363 3210 cum
382 3142 603 3229 ,Griccbische
625 3143 990 3227 Litteraturgescbichte
1013 3164 1043 3228 p.
1062 3142 1160 3211 597ss
1184 3141 1226 3208 de
1250 3142 1356 3207 Dione
1380 3139 1521 3226 Chryso·

246 3279 251 3290 ·
291 3256 395 3318 atomo
423 3248 516 3316 dicit:
551 3248 611 3330 ,als
640 3250 729 3316 einer
756 3249 814 3315 der
841 3257 950 3316 ersten
977 3249 1140 3316 Vertreter
1167 3247 1226 3315 der
1253 3246 1521 3315 atticisierenden

289 3356 453 3441 Richtung
477 3356 535 3422 hat
559 3375 594 3422 er
617 3355 671 3423 die
684 3355 829 3442 Spraehe
842 3377 906 3422 von
921 3356 994 3423 dem
1009 3356 1166 3422 chricbt
1180 3355 1238 3422 der
1252 3354 1521 3440 Vulgttrsprache

289 3464 464 3549 gcreinigt,
493 3464 572 3529 aber
598 3461 682 3528 auch
710 3469 871 3547 entgegen
900 3462 973 3529 dem
1000 3463 1202 3528 natdrlicben
1231 3462 1327 3545 Gang
1355 3461 1414 3528 der
1442 3460 1520 3526 llut-

289 3570 456 3654 wicklung
478 3569 600 3636 wieder
622 3571 689 3637 alte
711 3569 822 3652 ltugst
845 3570 1082 3655 abgestorbene
1101 3569 1250 3648 Formen,
1276 3569 1338 3634 wie
1352 3567 1416 3634 den
1432 3566 1520 3633 Dual

289 3676 497 3744 einzulltbren
520 3676 679 3760 gcsucbt.‘
724 3678 829 3760 Atque
852 3679 921 3761 erit,
950 3696 1005 3742 cur
1032 3677 1172 3760 mireris,
1200 3674 1288 3759 quod
1310 3675 1460 3753 Dionem,
1489 3676 1519 3741 si

287 3804 394 3850 rerum
415 3789 551 3849 naturae
574 3782 767 3850 adversatus
791 3781 922 3850 dualem
936 3783 1092 3868 adhibuit,
1115 3791 1164 3849 tot
1176 3784 1326 3866 tantique
1341 3781 1516 3867 scriptores

287 3890 405 3956 imitati
429 3896 511 3959 suut.
558 3889 643 3957 Nam
670 3910 755 3974 quac
784 3891 826 3956 ab
853 3889 967 3956 ordine
993 3896 1129 3956 naturae
1156 3888 1328 3966 recedunt,
1356 3907 1421 3954 nou
1449 3887 1518 3954 fere

288 3998 460 4084 scriptores
493 3997 608 4064 summi
640 3996 763 4082 ingenii
796 4017 1004 4080 summaeque
1036 3996 1220 4082 elegantiae
1249 3995 1371 4061 imitari
1399 3993 1516 4064 solent.

288 4104 369 4171 Cum
390 4104 490 4189 igitur
514 4110 640 4170 constet
662 4124 684 4170 a
706 4103 812 4170 Dione
827 4103 1057 4189 chrysostomo
1081 4103 1211 4169 dualem
1236 4123 1312 4169 esse
1334 4100 1516 4168 adhibitum

285 4231 390 4296 neque
423 4211 479 4295 qui
510 4210 595 4277 huuc
622 4210 725 4277 secuti
753 4219 828 4278 suut
859 4211 1034 4296 scriptores
1062 4231 1101 4277 eo
1131 4209 1293 4294 caruisse,
1322 4209 1391 4275 iure
1418 4208 1517 4275 iuter·

204 4333 210 4342 ·
285 4319 485 4404 rogabimus,
521 4337 596 4383 uum
631 4337 745 4384 revera
779 4317 835 4383 ille
874 4316 1003 4383 dualem
1034 4337 1200 4383 numerum
1232 4314 1436 4382 revocaverit
1468 4335 1512 4380 an

285 4432 362 4492 autc
394 4445 467 4491 eum
498 4424 740 4510 redintegratus
778 4425 821 4491 sit
853 4444 1001 4509 quaeque
1038 4444 1154 4509 causa,
1191 4423 1253 4490 boc
1290 4431 1326 4488 ut
1361 4422 1515 4502 facerent,

285 4533 460 4619 scriptores
488 4531 662 4618 impulerit.
715 4531 808 4610 Quae
835 4538 872 4597 ut
898 4550 1147 4616 cognoscamus,
1181 4531 1254 4615 quis
1283 4527 1380 4596 fuerit
1407 4527 1515 4596 dualis

283 4639 409 4706 numeri
432 4640 475 4706 ab
499 4638 683 4706 Aristotelis
706 4659 810 4723 usque
833 4637 877 4704 ad
890 4638 1007 4705 Diouis
1022 4636 1244 4724 chrysostomi
1266 4642 1413 4722 tempora
1436 4655 1520 4703 usus
