3459 5200
798 380 841 444 47

296 576 380 642 Hinc
414 575 608 661 perspicitur
639 574 783 659 genetivi
814 593 907 639 nsum
939 574 1177 639 inconstantem
1209 570 1320 639 fuisse.
1371 570 1435 635 Ex·

206 684 310 770 ceptis
334 690 442 748 autem
462 681 709 764 mathematicis,
733 678 883 766 Iosepho‚
907 680 1023 764 Dione,
1049 679 1185 744 Timaeo
1200 677 1323 743 formae
1338 675 1436 743 decli-

204 800 307 856 natae
339 789 373 855 in
406 788 622 873 frequentiore
650 809 711 855 usu
736 786 871 854 luerunt
917 787 1030 852 Dativi
1052 785 1155 851 forma
1179 783 1247 851 scre
1270 783 1436 851 sollemnis

206 897 248 962 ab
272 896 458 962 Aristotelis
482 902 592 962 aetate
616 897 678 960 boot
702 902 782 962 erat.

703 1255 833 1368 Caput
863 1256 939 1340 ΙΙΙ.

297 1427 458 1506 Quoniam
481 1427 588 1511 qualis
613 1425 656 1494 sit
679 1425 880 1511 singulorum
904 1426 1096 1512 scriptorum
1119 1426 1161 1491 ab
1176 1424 1361 1491 Aristotelis
1383 1445 1435 1491 us·

209 1556 272 1622 quo
295 1534 339 1601 ad
358 1535 474 1601 Dionis
499 1533 722 1619 chrysostomi
746 1540 889 1600 aetatem
912 1553 990 1600 usus
1013 1532 1121 1599 dualis
1144 1532 1276 1617 numeri,
1299 1531 1436 1618 exposui

208 1650 241 1709 et
271 1642 433 1709 indicibus
466 1660 550 1725 quac
581 1641 659 1706 mihi
690 1641 855 1708 invenisse
886 1639 1000 1708 videor
1025 1640 1116 1706 brevi
1144 1638 1330 1725 complexus
1353 1658 1434 1723 sum,

206 1756 324 1834 restat,
353 1758 401 1833 ut,
430 1755 584 1832 quantum
608 1747 737 1831 quidam
760 1748 793 1813 in
816 1767 869 1813 me
893 1754 956 1833 est,
986 1766 1105 1813 causas
1133 1754 1165 1811 et
1189 1744 1374 1811 emorientis
1402 1752 1436 1811 et

207 1855 432 1923 reviviscentis
463 1854 586 1921 numeri
615 1855 724 1919 rimari
754 1853 913 1922 studeam.
972 1854 1020 1919 Ac
1051 1872 1170 1919 causas
1201 1852 1345 1936 quidem,
1378 1871 1436 1917 cnr

208 1963 316 2029 dualis
345 1982 495 2028 numerus
523 1960 612 2047 apud
640 1960 785 2027 Graecos
813 1980 854 2027 ox
883 1980 943 2026 usu
970 1960 1109 2046 venerit,
1143 1960 1208 2024 iam
1235 1959 1268 2024 in
1301 1958 1434 2024 exordio

210 2069 423 2136 adumbrasse
455 2068 535 2133 mihi
566 2067 688 2134 videor.
743 2068 827 2135 Nam
856 2087 927 2133 cum
956 2066 1063 2133 dualis
1089 2087 1241 2133 numerus
1269 2065 1354 2133 felici
1387 2074 1435 2131 at-

208 2197 272 2260 quc
301 2173 538 2261 quodammodo
568 2174 755 2241 abundante
783 2175 931 2241 ubertate
957 2174 1079 2259 ingenii
1107 2184 1195 2240 ortus
1224 2174 1267 2240 sit
1294 2173 1364 2239 sivo
1390 2170 1434 2237 ad

208 2303 367 2369 personas
405 2284 473 2349 sive
516 2281 559 2347 ad
601 2302 653 2348 res
696 2282 836 2367 plastice
877 2280 1081 2365 effingendas
1126 2290 1159 2347 et
1200 2277 1435 2366 depingendas,

209 2389 329 2456 lactum
354 2398 414 2469 est,
438 2396 473 2455 ut
496 2409 659 2472 nunquam
683 2389 882 2455 necessitate
905 2387 1118 2472 grammatica
1141 2388 1175 2452 in
1192 2406 1285 2453 usum
1299 2389 1433 2455 reniret

208 2494 318 2573 Quare
340 2502 416 2583 post
438 2496 612 2561 Homerum
635 2495 782 2581 exceptis
805 2495 929 2581 poetis,
958 2495 1013 2579 qui
1041 2494 1111 2561 cius
1134 2493 1308 2560 dictionem
1332 2494 1434 2559 secuti

209 2611 298 2688 sunt,
337 2603 425 2690 apud
461 2623 581 2689 prosae
614 2603 770 2668 orationis
804 2603 978 2688 scriptores
1015 2602 1143 2668 omnino
1179 2622 1243 2668 non
1276 2602 1436 2667 inuenitur

209 2717 340 2796 praeter
366 2711 503 2778 Atticos.
551 2709 617 2776 Sed
645 2730 686 2775 ne
713 2709 767 2776 bic
795 2711 925 2793 quidem
952 2708 1089 2777 florebat
1116 2709 1263 2775 omnibns
1286 2708 1434 2793 tempori-

210 2819 280 2885 bus.
314 2815 407 2895 Quae
422 2817 507 2882 enim
522 2837 585 2882 non
602 2823 677 2883 sunt
695 2818 893 2897 necessaria,
917 2825 1094 2903 temporum
1113 2815 1251 2882 decursu
1275 2815 1435 2882 occidunt.

209 2925 316 3008 Atque
344 2925 458 3009 primis
486 2932 562 3010 post
589 2924 710 2989 bellum
737 2923 1050 3009 Peloponnesiacum
1073 2922 1240 2990 decenniis
1263 2922 1371 2989 dualis
1394 2943 1435 2989 ox

211 3051 358 3097 sermone
391 3029 553 3096 cotidiano
586 3029 744 3117 paulatim
777 3030 873 3114 abiit,
905 3029 940 3094 id
972 3028 1059 3114 quod
1096 3051 1136 3096 ex
1172 3030 1435 3115 inscriptionibus

211 3145 357 3223 apparet.
398 3137 579 3222 Scriptores
603 3157 677 3202 eum
700 3136 903 3221 aliquamdiu
925 3139 1131 3222 retinuerunt7
1155 3136 1215 3203 sed
1237 3135 1435 3223 pedetentim

210 3245 343 3310 missum
367 3243 523 3328 fecerunt,
552 3244 745 3330 praesertim
775 3264 846 3310 cnm
875 3244 1021 3330 plerique
1049 3265 1158 3310 eorum
1185 3244 1304 3310 nonin
1327 3244 1436 3311 Attica

210 3351 279 3417 nati
303 3358 422 3418 essent.

299 3459 369 3523 Iam
393 3478 455 3542 quo
479 3457 593 3525 ordine
617 3459 766 3542 singulae
790 3458 905 3524 duales
929 3457 1052 3524 formae
1078 3459 1272 3543 interierint,
1301 3478 1436 3542 quaera-

212 3585 293 3632 mus.
340 3563 434 3642 Quod
457 3564 554 3631 facilc
578 3565 763 3660 coniectura
788 3585 1015 3649 assequemur,
1043 3565 1072 3633 si
1100 3586 1185 3649 quac
1211 3565 1307 3632 fuerit
1330 3564 1437 3631 dualis

211 3672 261 3737 vis
284 3670 448 3757 primaria,
473 3678 549 3737 ante
573 3672 684 3738 oculos
708 3672 802 3738 nobis
814 3673 1029 3758 posuerimus.
1064 3672 1155 3738 Haec
1174 3681 1282 3738 autem
1296 3673 1438 3756 genuina

211 3779 282 3844 eius
315 3777 510 3862 significatio
544 3778 672 3844 videtur
704 3799 791 3865 esse,
820 3787 856 3845 ut
884 3779 967 3845 duas
993 3800 1152 3866 personas
1179 3779 1231 3846 vel
1258 3799 1325 3865 res,
1353 3798 1439 3863 quae

212 3885 295 3951 inter
323 3905 359 3951 se
386 3885 613 3969 qualicumque
640 3886 767 3953 ratione
797 3887 989 3953 coniunctae
1016 3894 1105 3971 suut,
1137 3907 1202 3952 una
1229 3885 1332 3952 forma
1355 3906 1438 3952 corn-

212 3991 416 4078 prehendens
439 3999 604 4076 tamquam
628 3991 671 4057 ad
696 3994 852 4061 unitatem
872 3992 1039 4080 perducat.
1071 3993 1166 4061 Unde
1183 3999 1321 4078 apparet
1332 3993 1439 4077 magis

211 4098 394 4164 nominibus
410 4119 506 4182 quam
521 4099 630 4165 verbis
644 4100 714 4166 eius
728 4101 893 4167 notionem
907 4100 1038 4166 infixam
1049 4100 1194 4167 haerere.
1213 4101 1252 4165 In
1264 4100 1330 4166 illis
1346 4100 1439 4184 enim,

212 4203 369 4291 imprimis
392 4205 425 4270 in
453 4205 580 4290 parium
607 4207 822 4273 membrorum
853 4206 1153 4291 significationibus,
1186 4214 1252 4273 tum
1279 4207 1313 4271 in
1341 4207 1439 4272 omni-

214 4312 273 4378 bus
296 4311 444 4396 personis
467 4311 520 4377 vel
543 4313 640 4380 rebus
668 4333 752 4398 quae
780 4315 952 4394 coniuncte
978 4313 1102 4398 aliquid
1130 4321 1244 4398 agunt,
1271 4314 1305 4379 in
1332 4315 1439 4380 verbis

213 4427 321 4485 autem
353 4439 424 4484 cum
457 4421 687 4503 congruentiae
725 4422 867 4505 partium
902 4422 1058 4488 orationis
1090 4441 1192 4488 causa
1227 4431 1294 4487 tum
1326 4423 1358 4487 in
1392 4423 1440 4488 eis

213 4526 328 4609 quibus
353 4525 563 4593 societatis
585 4528 635 4592 ris
659 4528 752 4611 inest,
776 4527 829 4593 vel
845 4548 939 4613 qnae,
962 4537 997 4594 nt
1013 4530 1115 4596 rerba
1133 4527 1260 4614 eundi,
1283 4549 1440 4614 personas

213 4640 350 4717 agentes
373 4633 467 4699 nobis
491 4641 569 4699 ante
592 4634 704 4701 oculos
728 4641 862 4720 ponunt,
887 4635 1035 4702 adbiberi
1049 4643 1185 4722 poterat.
1218 4637 1256 4702 In
1270 4636 1442 4704 adiectivis
