3459 5200
999 535 1038 599 14

442 738 485 803 ad
506 758 579 821 pag.
603 740 653 819 30,
677 741 719 824 3),
743 741 778 805 in
801 741 843 820 ll,
867 760 932 824 quo
955 742 991 806 in
1014 743 1130 808 codice
1152 741 1282 808 scholia
1305 743 1464 809 continua
1489 743 1583 825 scrip·

436 846 512 907 tura
546 848 681 910 exarata
714 845 853 927 singulis
890 846 1053 929 capitibus
1088 847 1349 930 subiunguntur,
1381 851 1418 911 ut
1450 846 1583 929 primum

437 945 590 1011 scholion
623 952 713 1012 recte
748 949 962 1015 continuatur
995 950 1207 1016 antecedenti
1240 949 1339 1016 metri
1372 949 1507 1015 iambici
1533 969 1583 1013 er·

435 1049 618 1131 plicationi,
647 1051 717 1129 sed,
745 1058 782 1118 ut
809 1052 844 1118 in
873 1053 1011 1118 scholiis
1033 1054 1078 1133 fit,
1106 1053 1294 1119 minoribus
1316 1054 1437 1118 litteris
1460 1052 1583 1134 scripta.

438 1153 550 1218 Altera
573 1158 662 1220 certe
686 1155 810 1222 codicis
836 1154 880 1219 Μ
899 1177 1019 1222 manus
1048 1157 1163 1222 codice
1191 1158 1304 1240 aliquo
1332 1155 1451 1224 classis
1480 1153 1513 1218 1⁷
1530 1175 1585 1219 usa

436 1255 566 1321 addidit
592 1258 730 1324 verbnm
758 1258 910 1345 κείμενον.
954 1260 1162 1326 Dubitationi
1191 1260 1291 1343 igitur
1314 1264 1505 1342 exemptum
1530 1262 1585 1335 est,

436 1361 515 1444 quin
533 1362 700 1427 enarratio
717 1363 774 1428 illa
791 1362 827 1427 in
840 1364 941 1430 classi
960 1361 1038 1428 Yin
1055 1364 1232 1430 enchiridii
1249 1368 1444 1430 contextum
1464 1361 1585 1428 fluxerit

307 1505 309 1510 -
436 1484 476 1530 ex
500 1466 614 1530 codice
636 1467 747 1549 aliquo
771 1467 891 1533 classis
912 1465 952 1532 B.

523 1600 615 1679 Quae
649 1621 723 1666 cum
756 1603 803 1668 ita
825 1605 903 1680 sint,
933 1604 1193 1670 commentarios
1220 1604 1263 1669 ad
1288 1603 1389 1668 unius
1419 1601 1586 1670 codicisA

407 1713 410 1718 '
437 1705 535 1770 iidem
563 1706 789 1771 recensendos
817 1708 940 1790 putavi.
989 1707 1096 1772 Huius
1125 1707 1225 1790 igitur
1253 1706 1515 1790 discrepantiam
1535 1707 1587 1771 ad·

439 1809 746 1892 scripsi'integram
768 1811 948 1876 levissimis
970 1816 1102 1877 tantum
1123 1816 1320 1877 accentuum
1342 1812 1474 1877 mendis
1496 1810 1588 1875 tacite
1695 1816 1696 1831 ¹

305 1992 310 2003 Ι
438 1913 607 1978 correctis.
652 1913 701 1977 Ex
717 1911 749 1976 B
763 1933 820 1980 eas
836 1917 968 1980 tantum
982 1915 1144 1982 lectiones
1168 1916 1398 1998 discrepantes
1420 1913 1588 1997 adscripsi,
1695 1934 1696 1965 i

437 2036 520 2098 quae
537 2020 724 2082 memoratu
746 2017 865 2099 dignae
887 2017 1095 2084 videbantur.
1139 2019 1226 2084 Nota
1239 2017 1312 2084 dett.
1336 2019 1517 2102 significavi
1539 2037 1589 2082 co·
1695 2026 1696 2035 ’

440 2119 531 2186 dices
555 2121 775 2203 interpolatos
798 2121 831 2186 h.
849 2143 884 2187 e.
907 2127 1046 2205 excepto
1068 2121 1100 2186 A
1121 2123 1269 2206 reliquos
1292 2123 1363 2188 sive
1385 2142 1504 2188 omnes
1526 2121 1589 2185 sire

438 2223 632 2305 plerosque,
667 2242 742 2288 cum
781 2222 862 2306 quid
891 2222 1031 2306 singulis
1064 2224 1148 2289 locis
1181 2225 1217 2289 in
1251 2225 1391 2307 singolis
1424 2224 1590 2290 codicibus

439 2327 598 2408 scriptum
618 2326 663 2392 sit
690 2345 752 2392 nec
769 2327 855 2392 seire
879 2327 1012 2393 intersit
1032 2347 1105 2410 nec,
1128 2348 1213 2410 quae
1238 2333 1290 2393 est
1310 2328 1489 2394 Gaistordii
1504 2327 1591 2401 tides,

440 2429 506 2494 dici
528 2431 646 2512 possit.
691 2429 728 2494 ln
750 2429 913 2511 particula
936 2429 994 2496 illa
1013 2450 1045 2512 p.
1068 2430 1140 2495 XVI
1162 2431 1180 2495 7
1204 2467 1245 2477 —
1267 2430 1341 2496 XIX
1358 2433 1386 2510 1,
1409 2451 1494 2514 quae
1517 2427 1592 2494 int

439 2532 518 2596 tolio
543 2532 717 2616 deperdito
740 2531 844 2612 deest,
869 2531 1049 2599 Gaistordii
1072 2538 1235 2617 apparatu
1257 2533 1372 2599 critico
1400 2554 1480 2601 usus
1511 2552 1591 2600 sum.

521 2672 558 2735 ln
592 2671 728 2735 scholiis
762 2672 979 2737 recensendis
1007 2671 1156 2754 integras
1184 2672 1349 2754 adscripsi
1383 2671 1536 2737 codicum
1566 2668 1593 2735 θ
1695 2687 1696 2736 l

438 2778 471 2841 et
505 2773 550 2838 M
571 2774 743 2853 lectiones
777 2794 859 2858 quas
893 2775 935 2840 ab
964 2776 1038 2857 ipso
1068 2794 1226 2841 excussas
1252 2775 1486 2840 liberalissime
1514 2774 1593 2839 mibi
1695 2745 1696 2830 3

441 2878 664 2962 suppeditavit
680 2878 941 2943 Studemundus.
986 2878 1152 2944 Editionis
1169 2878 1404 2945 Turnebianae
1424 2880 1594 2955 lectiones

440 3002 514 3047 cum
536 2981 665 3047 duobus
688 2980 805 3045 classis
821 2978 854 3042 B
867 2982 1029 3063 exemplis
1048 2982 1097 3046 uti
1117 2981 1200 3046 mihi
1221 2982 1338 3047 liceret
1352 2983 1593 3066 Turnebusque
1695 2987 1696 3062 J

438 3087 473 3151 in
503 3084 640 3149 scholiis
670 3084 770 3148 etiam
799 3084 1000 3149 insolentius
1024 3105 1123 3168 quam
1151 3084 1187 3149 in
1210 3088 1369 3150 contextu
1394 3084 1473 3150 tecit
1494 3086 1595 3151 verba
1695 3113 1696 3180 3

437 3188 560 3254 tradita
593 3188 780 3266 mutaverit,
814 3188 888 3270 pari
922 3188 996 3253 loco
1025 3192 1124 3272 atque
1152 3188 1351 3254 nostratium
1386 3188 1595 3255 coniecturas

436 3291 548 3357 habui.

522 3431 682 3497 Neutrum
707 3430 984 3497 commentarium
1005 3431 1048 3495 ab
1063 3429 1138 3513 ipso
1152 3430 1404 3513 Hephaestione
1425 3450 1500 3497 esse
1516 3451 1595 3497 con·
1695 3393 1696 3442 t

440 3534 616 3618 scriptum,
653 3554 767 3600 verum
788 3529 936 3617 ‘utribue
971 3535 1110 3599 subesse
1140 3534 1287 3600 libellum
1326 3534 1494 3619 quendam
1529 3535 1595 3601 He·

439 3639 705 3721 phaestioneum,
740 3638 799 3702 sed
832 3658 853 3703 a
885 3638 1111 3721 grammaticis
1146 3638 1345 3722 quibusdam
1378 3658 1447 3703 non
1479 3638 1596 3703 leviter
1695 3625 1696 3646 ἢ

440 3746 631 3825 corruptum
664 3742 752 3807 intra
785 3742 1035 3808 demonstrabo.
1085 3743 1122 3806 ln
1150 3742 1223 3824 ipsa
1244 3743 1391 3808 editione
1414 3743 1448 3808 id
1470 3743 1532 3825 egi,
1559 3747 1596 3809 ut

440 3848 731 3928 grammaticomm
768 3846 919 3923 illorum,
962 3846 1017 3928 qui
1060 3846 1321 3911 commentarios
1363 3845 1594 3924 condiderunt,

439 3950 540 4015 verba
567 3949 853 4015 reconcinnarem.
908 3949 945 4014 In
975 3949 1215 4014 commentario
1243 3948 1431 4039 posteriore
1460 3968 1544 4032 quae
1576 3969 1596 4013 a

440 4054 658 4135 grammatico
672 4052 824 4135 proiecta
841 4072 916 4117 esse
939 4052 1092 4134 suspicor
1113 4052 1199 4135 typis
1215 4051 1403 4117 minoribus
1426 4052 1597 4117 exaranda

440 4157 561 4222 curavi.
618 4156 736 4222 Obiter
768 4174 890 4221 moneo
927 4176 981 4221 me
1016 4156 1165 4237 singulos
1201 4155 1306 4235 locos,
1342 4155 1461 4239 quibus
1497 4155 1595 4220 aliter

439 4260 577 4326 distinxi
611 4266 711 4344 atque
744 4260 853 4324 adhuc
887 4260 977 4325 soliti
1011 4263 1103 4338 sunt,
1138 4260 1172 4322 in
1205 4263 1366 4341 apparatu
1395 4258 1517 4335 critico,
1552 4279 1596 4322 ne

438 4364 599 4429 molestus
616 4382 736 4443 essem,
753 4384 822 4427 non
846 4382 1075 4439 enumerasse;
1088 4381 1172 4445 quae
1184 4362 1390 4440 mutaverim,
1408 4362 1438 4425 ei
1455 4381 1596 4444 quorum

438 4468 580 4533 interest
603 4467 699 4532 facile
722 4466 911 4550 dispicient.
