3459 5200
788 436 858 501 108Ι

196 628 395 695 centiccmm
420 628 493 695 cola
516 638 667 695 accurate
690 628 864 716 descripsit
886 636 928 715 et,
961 630 1077 716 quibus
1111 629 1250 716 pedibus
1282 632 1426 699 metricis

195 734 412 819 efficerentur,
437 735 607 822 explicuit;
632 734 692 802 sed
716 735 896 823 Oedipodis
919 736 1064 822 dolensi,
1079 737 1335 823 'lhachiuiarum
1354 737 1429 804 Phi·

146 836 152 841 '
196 844 339 909 loctetee
363 842 491 909 dentice
514 842 693 926 generatim
716 843 812 910 modo
840 843 1047 911 adumbravit
1073 843 1116 910 ed
1144 846 1268 931 priores
1298 846 1427 912 iebulas

198 968 259 1015 nos
283 947 456 1033 delegens3
486 948 526 1015 ci.
550 947 594 1014 ed
619 947 699 1015 Oed.
725 949 794 1019 col.
818 970 849 1018 v.
875 954 940 1018 118
969 950 1032 1030 (ed.
1058 952 1197 1018 Tumeh.
1219 973 1251 1038 p.
1276 954 1348 1038 105,
1374 954 1427 1031 16)

195 1054 226 1121 ct
248 1059 348 1139 βοίιλιι
370 1058 402 1121 δὲ
423 1060 476 1121 sal
498 1056 579 1130 τίνος
605 1062 712 1143 μὲιροο
739 1068 797 1123 τῶν
824 1060 930 1123 κώλων
957 1057 1036 1125 ἐστὶν
1063 1057 1190 1125 ἕκαστον
1215 1058 1336 1144 εἰδέναι,
1365 1070 1428 1133 τοίς

195 1168 353 1248 προτέροις
375 1162 557 1229 ἀκολουθῶν
581 1164 711 1250 δράμασι
735 1168 849 1251 μάθοις
872 1162 1102 1231 dvenientem
1129 1165 1228 1232 etad
1252 1164 1333 1233 Osd.
1357 1166 1426 1233 col.

194 1289 227 1335 u.
252 1271 317 1337 668
342 1268 407 1351 (ed
423 1270 562 1337 Turneb.
577 1290 609 1355 μ.
630 1272 703 1353 108,
718 1272 775 1354 88)
799 1272 820 1335 ἃ
842 1276 895 1337 sat
918 1277 1074 1359 μιιρήοιις
1095 1283 1157 1345 τοίς
1180 1278 1333 1359 προοέροις
1354 1271 1428 1339 ἐπό-

194 1398 297 1463 paroc.
345 1374 492 1441 Triclinii
514 1376 550 1441 iu
578 1375 779 1461 Sophoclees
808 1377 999 1461 tragoedico
1030 1379 1293 1445 commentarium
1325 1386 1428 1445 totum

193 1482 356 1565 integrum
385 1483 473 1549 solus
501 1481 605 1548 edidit
626 1482 789 1550 Adrianus
817 1485 987 1551 'lhmehus
1015 1485 1152 1552 Perisiis
1179 1505 1208 1553 a.
1236 1488 1320 1553 1558
1347 1505 1426 1552 usus

193 1588 310 1655 codice
348 1587 503 1675 quodem,
545 1610 639 1674 quem
676 1592 717 1657 ab
755 1591 886 1657 Aimero
923 1592 1110 1657 Reucoueto
1149 1592 1423 1677 impetraveram)

200 1694 344 1761 Eundem
368 1697 631 1763 commentarium
654 1698 836 1764 Brunchius
850 1697 1059 1781 Argentorati
1077 1718 1108 1766 ιι.
1127 1700 1213 1765 1788
1228 1698 1332 1764 edidit
1346 1718 1425 1767 usus

193 1802 309 1869 codice
332 1802 481 1869 Parisino
505 1806 591 1871 2711
618 1804 802 1889 chartaceo,
835 1804 890 1888 qui
921 1811 1009 1871 teste
1039 1804 1200 1871 Guilelmo
1225 1804 1367 1872 Dindori
1390 1806 1425 1872 iu

195 1908 305 1975 Schol.
330 1909 363 1975 iu
388 1908 486 1995 Soph.
512 1918 594 1994 trag.
616 1911 680 1979 vol.
697 1911 728 1977 lI
752 1909 883 1991 (Oxouii
910 1914 1007 1989 1852)
1029 1934 1060 1999 p.
1086 1914 1274 1981 880-404
1295 1911 1425 1979 videtur

194 2014 382 2084 simillimus
397 2036 472 2083 esse
486 2015 590 2083 codici
604 2016 652 2082 illi
662 2018 854 2093 Renccneti;
871 2017 930 2086 scd
943 2019 991 2085 ita
1005 2018 1119 2103 edidit,
1129 2026 1166 2084 ut
1178 2017 1340 2085 omitteret
1349 2038 1424 2086 cum

193 2123 264 2188 alia
288 2122 413 2189 scholia
436 2130 502 2189 tum
527 2142 637 2192 omues
661 2125 857 2190 canticorum
882 2124 1119 2209 descriptiones
1146 2126 1309 2202 metricas,
1338 2144 1423 2209 quee

193 2229 289 2295 nohis
312 2230 551 2314 quaerentibus,
578 2229 738 2314 quomodo
752 2230 927 2296 lhicliuius
944 2232 1078 2298 vocales
1100 2236 1180 2292 Ait
1202 2232 1424 2318 pensitaverit,

194 2336 352 2421 imprimis
377 2336 686 2404 animadvertendae
710 2343 791 2405 sunt.
838 2337 1040 2403 Postremum
1063 2335 1167 2403 edidit
1194 2337 1276 2405 hacc
1299 2338 1425 2405 scholia

192 2442 395 2509 Triclinieua
416 2464 521 2527 ecque
545 2442 708 2530 discerpta
732 2444 816 2510 Guil.
834 2442 977 2510 Diudori
995 2444 1029 2509 iu
1052 2443 1159 2512 Schol.
1173 2445 1207 2510 in
1221 2444 1320 2530 Soph
1336 2454 1421 2530 trag.

194 2549 258 2616 vol.
281 2551 315 2615 11
338 2547 468 2631 (Oxonii
494 2552 594 2636 1852)
616 2571 648 2637 p.
673 2553 739 2621 278
762 2571 832 2636 sqq.
840 2550 864 2629 2)
910 2549 1004 2629 Quae
1027 2571 1099 2618 cum
1129 2551 1174 2617 ita
1203 2552 1278 2637 sint,
1306 2552 1420 2619 Tricli-

190 2801 294 2856 deinde
320 2815 353 2854 ee
380 2799 485 2854 scholis
511 2815 584 2868 qua-e
611 2799 743 2869 leguntur
770 2799 844 2870 epud
871 2799 994 2854 Dindori.
1013 2800 1032 2855 1.
1051 2801 1069 2854 1.
1088 2818 1116 2870 p
1135 2801 1197 2866 528,
1217 2802 1341 2856 16-18
1360 2801 1422 2868 528,

193 2889 327 2955 27-524,
346 2890 371 2944 6.
390 2889 451 2954 524,
472 2889 577 2944 16-18
599 2891 811 2958 repraesentant
833 2888 988 2944 doctrinam
1006 2889 1172 2945 scholiorum
1190 2889 1423 2946 Triclinianorum

192 2977 230 3032 ed
248 2977 347 3048 Agam.
366 2977 427 3032 867.
446 2977 506 3032 681.
526 2977 579 3032 875
598 2975 654 3044 (ed.
673 2977 767 3046 Dind.)
790 2978 820 3032 in
843 2977 997 3033 breviorem
1023 2978 1141 3033 formam
1167 2977 1309 3034 redactum
1337 2982 1366 3035 et
1392 2979 1423 3034 in

191 3067 286 3122 codice
300 3065 466 3120 Feruesiuno
480 3067 494 3120 I
508 3066 567 3120 Ε.5
585 3083 641 3121 une
660 3083 722 3122 cum
741 3066 870 3136 genuinis
889 3066 1014 3121 Triclinii
1033 3067 1145 3122 scholiis
1162 3067 1287 3122 versibus
1301 3067 1423 3138 Aeschy-

194 3155 245 3210 leis
263 3154 405 3224 adscripta
424 3159 489 3210 sunt
507 3153 554 3222 (ci.
572 3154 602 3210 in
611 3153 741 3224 Aeschyli
758 3155 972 3226 Agamemnonis
990 3153 1118 3221 editione,
1137 3173 1222 3225 quem
1240 3156 1348 3212 curavit
1366 3175 1423 3212 ven

193 3243 303 3300 Heusde
322 3243 425 3298 scholia
444 3243 479 3298 ed
497 3261 540 3298 vv.
555 3244 616 3299 401.
636 3244 698 3299 414.
717 3243 778 3298 427.
798 3243 859 3298 682.
879 3244 939 3299 644
958 3245 1020 3300 656.
1039 3245 1101 3299 665.
1120 3243 1181 3299 674
1200 3245 1261 3300 688.
1280 3245 1341 3300 682.
1360 3245 1421 3300 688.

189 3333 255 3388 887.
274 3333 335 3388 808.
354 3333 415 3388 818.
434 3331 507 3400 862).
546 3331 616 3388 Hinc
639 3333 758 3388 eflicitur
780 3349 814 3388 ea
841 3332 875 3387 ds
902 3332 1003 3401 quibus
1029 3333 1233 3402 disputavimus
1260 3333 1366 3390 scholia
1391 3334 1421 3389 in

193 3423 429 3494 Agamemnonem
447 3422 562 3478 metrice
580 3423 774 3490 conglutinata
792 3439 850 3479 esse
867 3440 883 3478 e
901 3422 1005 3478 codicis
1028 3422 1210 3478 Laurentiani
1231 3424 1302 3493 plut
1321 3423 1420 3489 xxxi,

189 3513 211 3568 8
238 3511 349 3568 scholiis
377 3511 515 3580 edespotis
543 3515 572 3567 et
595 3529 610 3567 e
633 3511 734 3566 codicis
751 3510 913 3568 Fer-uesicni
930 3511 943 3566 l
962 3511 996 3567 ln·
1011 3511 1030 3566 5
1048 3511 1160 3568 scholiis
1178 3511 1366 3568 Tricliuiauis,
1386 3539 1416 3552 *-

193 3601 234 3656 De
252 3601 291 3656 eis
309 3601 340 3656 in
358 3601 481 3655 Perses
499 3604 528 3656 et
546 3600 747 3656 Eumenides
775 3600 886 3656 scholiis
913 3600 1035 3656 metricis
1053 3618 1125 3670 quae
1143 3600 1299 3656 Dindorline
1318 3601 1336 3656 l.
1355 3601 1373 3655 l.
1393 3619 1419 3674 p.

189 3691 246 3746 518
260 3707 319 3759 sqq.
339 3693 368 3746 et
386 3709 412 3760 p.
425 3691 479 3744 528
493 3707 551 3758 sqq.
571 3688 658 3744 edidit
677 3689 799 3745 indicere
817 3708 891 3745 nnnc
910 3689 1023 3757 quidem
1042 3707 1097 3744 non
1116 3689 1189 3756 licet,
1209 3690 1341 3759 quonium
1359 3689 1419 3745 Tri·

190 3779 315 3836 cliniane
333 3778 362 3832 iu
381 3777 445 3832 illes
462 3778 572 3833 tabules
591 3777 695 3832 scholia
713 3777 802 3832 adhuc
821 3777 899 3833 edita
916 3795 971 3832 non
990 3781 1067 3842 snnt;
1091 3778 1138 3834 sed
1157 3777 1254 3834 dubito
1272 3796 1310 3833 eu
1327 3780 1358 3834 in
1375 3779 1420 3834 his

189 3867 304 3923 scholiis
322 3868 402 3942 nulla
420 3867 606 3925 Triclinieuee
624 3867 767 3924 doctrines
784 3867 944 3940 fragmenta
962 3870 1125 3924 conservata
1141 3867 1205 3924 sint

285 3972 305 4041 ¹)
333 3974 373 4032 61.
387 3973 502 4029 Adriani
516 3975 638 4030 Turnehi
656 3973 805 4043 epistolem
824 3975 860 4030 ed
878 3974 1069 4030 Rnnconetum
1086 3973 1191 4040 datam,
1210 3991 1282 4043 qnue
1301 3973 1418 4030 editioni

189 4063 344 4136 pannias
366 4067 420 4119 cst:
446 4058 631 4134 Σοφοκλῆν...
656 4069 704 4116 τῶν
723 4069 773 4114 cdv
791 4059 979 4124 ἀκολώοιινιις
997 4060 1207 4133 ἀντιγράφων...
1226 4061 1418 4133 παρέχομεν

193 4149 295 4220 Βιβλὶον
312 4153 361 4223 γὰρ
379 4152 448 4222 παρὰ
467 4157 512 4203 coir
531 4148 714 4222 ιὺιοχήοιιντις
728 4149 878 4222 Διμητρίοο
894 4147 1087 4226 wiennam
1105 4149 1264 4224 erpsuisucor,
1283 4167 1419 4222 οτιχογριι·

188 4239 431 4313 ιρίοιις,1ξη·ρήοιοι,
451 4226 811 4310 διορὸώοιοινοίςιῦροθμον
832 4240 877 4292 ael
898 4237 1004 4310 ἰμμιλὸς
1026 4234 1144 4310 ιὸμάλα
1170 4237 1417 4312 διηκριβωμένον...

189 4327 326 4403 mpesp
345 4327 520 4401 ‘mutuis

283 4437 305 4505 ¹)
330 4439 370 4494 De
388 4437 483 4494 codice
501 4437 684 4492 bibliothecen
702 4435 795 4507 regine
814 4435 973 4491 Dresdensis
992 4436 1063 4506 plut.
1082 4435 1115 4491 D.
1129 4435 1163 4490 21
1183 4435 1266 4504 (cecc
1285 4435 1369 4504 xlv),
1387 4435 1419 4490 in

188 4545 246 4598 quo
264 4527 391 4584 'Ihn'clinii
409 4526 514 4582 scholis
531 4525 681 4596 Sophoclea
705 4525 782 4582 reric
807 4529 966 4581 stramento
991 4525 1037 4580 rel
1064 4524 1190 4580 crucibus
1218 4523 1353 4594 appositis
1375 4524 1417 4579 di-

190 4617 294 4672 stincta
312 4620 377 4671 sunt
395 4633 412 4670 e
431 4615 553 4671 'l'homec
571 4615 701 4685 Megistri
718 4618 748 4670 ct
765 4615 935 4685 lloschopuli
955 4613 1089 4680 scholiisr
1097 4614 1221 4669 conferes
1246 4613 1419 4669 Dindorliurn

189 4705 222 4760 in
239 4705 329 4762 Schol.
347 4706 378 4760 in
396 4705 477 4775 Soph.
497 4705 550 4760 vol.
569 4704 597 4759 11
613 4723 641 4774 p.
659 4703 714 4759 404
731 4721 791 4773 sqq.
1298 4733 1303 4742 ·
