3459 5200
758 381 842 445 15-

186 610 188 614 *
237 588 368 653 Altero
392 588 466 653 loeo
486 604 557 653 una
579 606 655 653 curn
683 588 758 653 aliis
787 590 1032 670 enumeratur¹)
1053 592 1067 655 1
1087 592 1156 670 Ab:
1192 588 1243 654 ille
1264 588 1386 674 Pytha

164 717 278 782 param
301 698 358 780 qni
378 698 506 764 animas
526 698 564 763 in
585 698 803 766 aeternitatem
819 700 949 785 pamm
967 702 1126 780 alserada·
1146 701 1198 766 ille
1212 702 1387 784 Platonem,

167 808 224 890 acri
246 810 316 875 deos
338 832 401 876 esse
417 810 594 895 persuasit·
615 810 667 875 ille
680 810 880 893 Aristotelen,
902 814 959 895 ani
973 819 1127 879 rtatnram
1147 815 1222 879 bene
1241 814 1387 897 manendi

168 920 207 985 in
227 927 327 987 artem
348 922 467 1009 redepit
490 974 497 987 .
522 976 528 991 .
554 974 561 989 .
586 974 592 987 .
611 944 713 1008 parca
734 924 826 991 liade
841 926 1046 1009 perstrinxit.

252 1052 344 1117 Haec
372 1036 486 1119 omnia
513 1053 583 1118 lere
611 1058 669 1120 aut
691 1054 863 1120 Ciceronis
892 1055 987 1121 libris
1016 1062 1154 1139 accepta
1176 1057 1301 1123 reterre
1323 1080 1384 1140 pu-

146 1164 291 1230 'tandus
326 1169 378 1230 est
410 1166 466 1248 (de
494 1166 682 1249 Pythagora
711 1167 811 1231 Tusa.
839 1168 926 1246 139,
960 1169 1002 1232 de
1030 1170 1169 1235 Platone
1199 1175 1266 1235 nat.
1294 1170 1386 1236 deor.

166 1276 182 1339 1
205 1277 255 1341 18.
279 1278 330 1355 30,
354 1279 396 1342 de
411 1277 591 1343 Aristotele
614 1298 663 1343 or.
681 1279 742 1343 114
764 1280 806 1345 de
829 1299 878 1343 or.
901 1280 1007 1345 11160
1028 1278 1084 1364 [cI.
1107 1282 1257 1363 §bsect
1273 1282 1387 1368 XVII])

167 1394 226 1455 aut
249 1391 341 1473 ipsas
364 1391 444 1472 IegiI
465 1391 626 1455 Varronis
650 1391 891 1457 hebdomadas.

252 1520 507 1585 Aristoteles
525 1521 625 1585 etiam
640 1521 698 1585 rel.
712 1522 763 1599 53
776 1522 982 1586 nominatur:
998 1541 1090 1602 aaran
1104 1521 1253 1587 maneria
1268 1522 1386 1589 littera·

167 1636 272 1696 taram
299 1630 460 1696 Aristoteli
487 1631 652 1715 subparem
678 1629 778 1714 soraee
802 1632 966 1697 consentit.
1017 1635 1030 1698 Ι
1058 1637 1132 1714 aaa
1159 1637 1245 1701 haec
1274 1636 1316 1701 de
1346 1657 1386 1703 eo

167 1749 363 1811 narrantur:
386 1764 431 1809 an
445 1742 630 1829 ipnoramns
647 1744 804 1829 lmpnirm
819 1744 918 1824 idaim,
940 1744 993 1809 croi
1014 1766 1114 1829 sirpra
1134 1752 1241 1812 aonam
1253 1746 1388 1830 fortuna

165 1854 273 1937 flaait,
297 1854 469 1940 Slapiritae
489 1877 547 1921 sao
568 1854 708 1921 nibilam
730 1854 961 1922 commodasse?

253 1987 347 2053 Adeo
371 1988 527 2069 ambigua
550 1992 628 2052 sunt
649 1988 762 2065 verba,
787 1992 824 2052 ut
846 1988 979 2053 dubites
1003 1988 1083 2072 quid
1106 1988 1268 2071 significet
1291 1992 1387 2075 Sym·
1418 2068 1424 2079 ⁹

167 2099 325 2164 machus:
358 2103 455 2182 potes
480 2100 514 2163 in
537 2101 734 2165 memoriam
758 2120 925 2178 revocare,
950 2101 1040 2183 quod
1061 2102 1263 2167 Plutarchus
1284 2103 1387 2169 tradit

171 2210 264 2275 Alex.
280 2211 314 2274 8:
340 2208 534 2295 Ἀριστοτέλη
558 2212 593 2275 δὲ
616 2210 788 2297 θαυμάζων
811 2211 842 2276 ἐν
857 2209 944 2297 ἀρχῇ
961 2262 968 2278 .
986 2262 993 2276 .
1010 2262 1018 2277 .
1036 2210 1163 2298 ὕστερον
1178 2211 1387 2301 ὑποπτότερον

168 2321 262 2406 ἔσχεν
284 2316 346 2406 οὐχ
368 2318 447 2385 ὥστε
469 2322 599 2408 ποιῆσαί
619 2344 646 2387 τι
668 2320 769 2388 κακὸν
791 2322 890 2404 naid)
924 2324 973 2389 Cf.
988 2324 1095 2389 Zeller
1115 2326 1141 2389 II
1156 2324 1240 2409 2⁸p.
1256 2328 1296 2391 33
1314 2348 1385 2411 sqq.

167 2434 238 2500 Nisi
267 2436 354 2500 torte
380 2435 492 2501 minus
524 2439 681 2501 accurate
710 2436 847 2501 tenebat
879 2436 991 2502 Iocum
1024 2437 1198 2504 Ciceronis
1232 2459 1305 2521 epp.
1333 2442 1385 2505 ad.

166 2547 233 2614 Aa.
256 2547 328 2612 XIII
349 2547 438 2626 l8‚3:
476 2544 584 2626 Quid?
618 2550 653 2612 ta
676 2566 743 2612 non
765 2545 850 2612 vales
871 2545 977 2630 ipsam
998 2546 1088 2612 illam
1109 2547 1272 2614 Aristoteli
1293 2548 1386 2615 disci·

161 2657 277 2741 palam
298 2679 418 2724 samma
440 2657 579 2742 impertio,
602 2679 727 2724 memma
747 2659 906 2738 modestia,
923 2664 1128 2742 postcaaaam
1141 2682 1201 2726 rea
1214 2662 1387 2746 appellatas

165 2769 216 2851 sit,
239 2770 407 2856 superbam
428 2771 583 2836 craddem
603 2771 843 2862 irannderatam
863 2771 997 2854 fnisset,
1020 2776 1067 2840 ita
1088 2780 1125 2840 ut
1140 2774 1302 2840 Aristoteli
1323 2797 1385 2860 pro

166 2883 277 2949 deliro
302 2886 450 2950 haberet.

252 3015 301 3079 De
325 3015 498 3080 Carneade
522 3019 555 3079 et
578 3015 786 3081 Clitomacho
811 3015 851 3080 cf.
874 3036 906 3098 p.
933 3017 973 3080 10
996 3037 1044 3100 sq.

250 3151 455 3217 Heracliti
480 3152 569 3216 dicto
592 3153 696 3218 utitur
718 3153 761 3217 IX
786 3154 894 3231 1152:
924 3153 1007 3233 qraod
1028 3152 1056 3217 si
1077 3153 1158 3217 mila
1179 3151 1265 3219 oldris
1286 3153 1386 3218 bona·

165 3261 337 3328 testimonii
354 3261 473 3346 publici
495 3262 703 3345 adfectandas
728 3262 819 3346 foret,
851 3262 971 3329 indicia
999 3269 1053 3330 tao
1079 3270 1110 3329 et
1135 3265 1290 3330 similium
1312 3286 1384 3331 aon·

165 3379 272 3440 tentas
296 3397 360 3441 esse
385 3375 543 3456 debeam
564 3375 611 3440 ael
637 3374 779 3456 fidicinis
804 3376 951 3460 eaenrplo,
984 3377 1040 3459 pai
1067 3377 1257 3464 indipnatas
1283 3378 1384 3444 consi-

165 3487 309 3553 dentium
330 3487 456 3554 tarbam
477 3487 536 3553 sibi
557 3493 587 3552 et
610 3487 716 3553 Aliisis
737 3493 869 3554 matiam
890 3488 988 3554 ciebat
1014 3489 1061 3554 ael
1082 3491 1255 3556 secandam
1281 3490 1384 3556 Hera·

165 3599 273 3666 alitam
289 3600 468 3685 physicam,
491 3600 547 3683 arri
574 3621 731 3666 samnmm
752 3600 857 3666 landis
877 3601 1093 3668 arbitrabatur
1109 3603 1233 3686 placere
1253 3603 1324 3682 arni,
1356 3603 1386 3668 si

164 3718 241 3778 esset
263 3713 407 3796 optimas,
430 3712 486 3795 qai
503 3712 658 3796 probaret.

252 3853 413 3934 Spectant
441 3853 524 3916 haec
547 3853 589 3917 ad
619 3851 700 3917 illud
728 3851 770 3928 εἰς
793 3851 861 3937 ἐμοὶ
884 3849 985 3937 μύριοι
1012 3854 1260 3937 fr.114Byw.‚
1294 3855 1385 3938 quod

165 3965 254 4031 uude
278 3964 480 4047 cognoverit,
504 3964 637 4029 difficile
661 3968 712 4029 est
727 3965 834 4046 dictu;
865 3985 944 4030 nam
960 3966 1077 4031 Gelani
1098 3966 1170 4049 rapt
1191 3961 1385 4050 διαγνώσεως

254 4207 273 4276 ¹)
291 4206 375 4261 Tales
398 4207 619 4260 enumerationes
643 4207 716 4275 apud
735 4207 830 4261 Gallos
855 4207 1053 4260 usitatissimae
1075 4211 1152 4270 sunt;
1179 4207 1214 4260 ct.
1233 4223 1257 4261 e.
1276 4223 1300 4273 g.
1318 4207 1383 4260 Aus.
1465 4253 1471 4264 .

165 4295 224 4349 VIII
246 4295 288 4349 31.
306 4296 349 4350 31.
375 4295 454 4363 epist.
481 4295 562 4348 XVII.
599 4295 694 4350 Sidon.
723 4295 771 4358 Ab.
797 4295 898 4358 138,17.
923 4295 1024 4359 lesan.
1048 4295 1134 4359 233‚6.
1169 4293 1276 4348 Ennad.
1298 4294 1383 4358 94,l9.

164 4381 349 4450 Engelbrecht
367 4399 393 4450 p.
411 4382 471 4435 136.
500 4383 532 4435 ct.
552 4383 652 4450 Syram.
669 4382 682 4435 1
698 4383 767 4445 313.

253 4485 277 4556 ')
295 4487 371 4540 Idem
391 4489 448 4541 tere
467 4487 540 4541 cedit
558 4487 587 4542 In
606 4487 764 4556 sequentia:
791 4485 847 4540 nisi
864 4485 929 4555 qaia
946 4485 1040 4540 Dinia
1056 4502 1090 4538 ca
1107 4483 1233 4539 Aetolicis
1249 4483 1386 4539 mandis

164 4571 269 4643 captiva
297 4577 403 4628 tantam
429 4573 547 4644 chlamys
572 4573 679 4629 marari
704 4573 769 4628 dota
791 4572 922 4628 Itiloimn
948 4572 1093 4639 decolorat·
1120 4571 1192 4627 enim
1217 4587 1277 4626 vcra
1303 4587 1385 4640 nepae

165 4659 299 4714 Panaetio
317 4661 511 4726 Africanorum
534 4661 664 4715 aemalae
685 4677 767 4729 noane
781 4659 870 4729 Opilio
888 4659 1012 4714 saraim
1029 4660 1069 4713 va
1082 4659 1178 4713 tineae
1194 4657 1320 4728 Pyrrlrns
1336 4660 1386 4712 ant

166 4745 318 4800 Metrodoro
335 4763 383 4802 sao
402 4747 576 4802 Mitlnn‘dates
595 4747 724 4802 Pontiaas
747 4745 898 4801 liberalimn
915 4746 1120 4815 ‹lisciplmarnm
1134 4746 1224 4815 pratia
1241 4747 1383 4800 soloemrnt.
