3459 5200
641 533 765 631 *25
827 623 839 629 -

157 744 310 827 quadret.
355 743 384 807 A
408 742 591 808 scholiasta
611 741 731 824 prioris
755 739 987 806 commentarii
1003 740 1170 805 enarratio
1191 743 1324 823 praeter

159 848 301 913 verbum
330 842 568 932 ὁμολογουμὲνιμ
597 844 698 909 etiarn
726 847 840 927 aperte
871 844 1075 926 significatur
1096 844 1208 910 verbis
1237 839 1323 905 cited

157 971 258 1036 φορον
289 947 346 1034 τήν
378 947 439 1014 τῶν
473 947 591 1034 μέτριον
624 943 810 1032 ἐξαλλαγήν.
859 947 1063 1014 Posterioris
1092 944 1324 1013 commentarii

158 1053 340 1136 explicatio
369 1071 409 1116 ex
440 1072 488 1130 ea,
518 1071 601 1135 quae
631 1051 666 1116 in
692 1051 806 1134 priore
834 1051 935 1130 inest,
963 1053 1015 1117 vel
1044 1072 1085 1116 cx
1113 1052 1225 1135 aliqua
1252 1049 1323 1114 eius

158 1158 330 1224 consimili
359 1158 526 1223 incuriose
561 1161 718 1240 excerpta
747 1177 822 1222 esse
849 1157 990 1222 videtur.
1037 1157 1109 1222 Sed
1136 1175 1179 1220 ne
1200 1154 1324 1237 prioris

155 1261 295 1346 quidem
322 1261 556 1327 commentarii
585 1261 753 1326 enarratio
793 1260 886 1326 omni
920 1281 961 1326 ex
992 1264 1088 1344 parte
1111 1260 1240 1343 integra
1262 1262 1324 1325 est.

159 1367 248 1431 Nam
281 1363 483 1430 scholiastae
516 1364 619 1430 verba
652 1361 723 1427 οὔτε
756 1413 828 1429 ...
863 1360 1031 1450 ὁμοιότητα
1053 1365 1121 1449 ἔχει
1253 1361 1325 1427 οὔτε

158 1465 374 1552 ἀνακύκλησιν
407 1468 552 1533 dilucide
585 1468 810 1551 posteriorem
848 1468 1127 1534 commentarium
1164 1467 1323 1544 indicant,

156 1593 236 1638 cnm
251 1572 286 1636 in
300 1571 412 1655 priore
429 1591 499 1636 non
526 1591 631 1655 aeque
647 1575 801 1638 accurate
825 1573 953 1653 legatur
974 1570 1057 1650 τάξιν
1080 1621 1088 1636 .
1112 1622 1120 1636 .
1143 1621 1151 1636 .
1173 1573 1229 1634 καὶ
1251 1567 1325 1636 ἀνα-

155 1673 311 1760 noanon
333 1670 392 1739 οὐκ
413 1674 488 1760 ἔχει.
539 1675 683 1741 Inseruit
698 1679 809 1740 autem
837 1677 977 1742 verbum
1002 1672 1084 1752 τοίξις
1112 1674 1265 1757 scriptor,
1287 1677 1325 1738 ut

157 1780 273 1845 verbis
296 1777 356 1842 ὅσα
378 1778 416 1842 ἐκ
438 1777 585 1864 μὲτρων
601 1828 608 1842 .
626 1828 657 1842 ..
682 1777 754 1861 ἐστὶ,
777 1773 883 1856 τοίξιν
905 1779 940 1842 δὲ
1043 1776 1102 1842 οὐκ
1117 1779 1185 1863 ἔχει
1199 1796 1325 1842 nomen

163 1882 296 1970 μετρικά
320 1876 441 1947 ἄτακτα
464 1883 655 1962 illustraret,
679 1882 832 1948 similiter
855 1887 954 1966 atque
979 1883 1013 1947 in
1035 1881 1221 1948 carminum
1243 1876 1326 1943 κατὰ

158 1985 268 2071 σχὲσιν
310 1985 532 2069 explicatione
576 1985 663 2051 fecit.
725 1987 850 2052 Eadem
891 2006 971 2051 vero
1016 1986 1199 2064 sententia,
1241 2003 1325 2067 quae

159 2089 365 2154 scholiastae
393 2089 504 2154 verbis
534 2087 605 2152 οὔτε
628 2138 635 2153 .
660 2137 667 2153 .
690 2081 859 2175 ὁμοιότητα
882 2090 949 2175 ἔχει
978 2138 985 2152 .
1010 2137 1016 2152 .
1042 2140 1048 2153 .
1083 2082 1163 2152 ὥστε
1190 2082 1324 2173 στιχήρη

157 2191 310 2278 γενέσθαι
348 2189 419 2256 οὔτε
452 2189 679 2276 ἀνακύκλησιν,
719 2189 798 2258 ὥστε
832 2189 916 2257 κατὰ
949 2190 1054 2278 σχέσιν
1087 2191 1235 2277 γενέσθαι
1270 2190 1326 2255 de·

160 2297 319 2374 claratur,
344 2295 513 2378 inpriore
537 2296 776 2361 commentario
799 2297 996 2380 exprimitur
1016 2297 1127 2360 verbis
1151 2293 1221 2358 οὔτε
1242 2293 1326 2357 κατὰ

157 2397 268 2484 στίχον
293 2395 367 2462 οὐδὲ
401 2394 629 2485 συστηματικοίς
663 2419 747 2482 quae
776 2401 879 2465 verba
906 2399 1087 2465 nemodum
1121 2399 1202 2464 satis
1235 2397 1325 2462 bene

159 2505 399 2586 interpretatus
423 2507 483 2567 est.
528 2504 642 2567 Inesse
666 2504 756 2568 enim
778 2504 910 2569 videtur
931 2504 965 2569 in
981 2503 1030 2568 eis
1053 2522 1123 2569 non
1145 2499 1324 2566 mediocris

159 2606 322 2685 offensio,
362 2608 518 2690 quoniam
557 2608 632 2690 ipsa
669 2608 818 2673 carmina
856 2605 986 2694 μετρικοὶ
1019 2606 1142 2671 ἄτακτα
1180 2606 1327 2690 speciem

158 2713 221 2773 τῶν
253 2717 489 2796 συστηματικῶν
522 2710 677 2777 efficiunt.
711 2748 753 2759 —-
784 2713 814 2776 A
847 2719 1001 2797 μετρικοῖς
1041 2708 1185 2787 ἀτάκτοις
1219 2710 1326 2774 seclu·
1410 2716 1415 2729 “

160 2814 286 2878 duntur
317 2834 337 2879 a
377 2814 559 2879 scholiasta
606 2814 869 2898 compositiones
907 2812 990 2879 κατὰ
1029 2814 1135 2900 στίχον
1174 2818 1207 2879 et
1244 2811 1326 2876 κατὰ

159 2914 283 3001 σχέσιντ
317 2916 406 2981 idern
440 2916 477 2981 lit
507 2916 618 2983 verbis
652 2918 719 2983 illis
753 2912 823 2981 οὔτε
856 2916 939 2982 κατὰ
972 2916 1078 3002 στίχον
1111 2914 1184 2980 οὐδὲ
1215 2936 1326 2999 συστη-

160 3018 288 3105 ματικοί,
323 3040 398 3084 cum
436 3023 536 3085 antea
567 3040 599 3103 p.
633 3020 674 3084 IV
701 3022 721 3085 6
756 3022 902 3105 scriptor
934 3022 1083 3086 carmina
1110 3019 1193 3083 κατοὶ
1220 3017 1327 3103 σχέσιν

161 3144 203 3189 ea
232 3124 428 3202 vocavisset,
462 3119 522 3187 ὅσα
550 3132 703 3210 μετρεῖται
731 3121 789 3188 ὑπὸ
818 3123 1022 3209 συστήματος.
1073 3124 1204 3188 Nullam
1226 3123 1328 3187 aliam

161 3228 304 3293 subesse
338 3228 392 3292 his
422 3227 533 3293 verbis
570 3228 772 3293 sententiam
807 3229 992 3294 luculenter
1025 3228 1239 3292 confirmatur
1268 3226 1327 3305 eie,

161 3352 248 3415 quae
288 3330 322 3395 in
362 3334 502 3415 utroque
543 3331 786 3397 commentario
821 3333 862 3397 de
898 3332 1101 3397 carminibus
1141 3330 1174 3409 ἐξ
1215 3326 1327 3415 ὁμοίων

164 3434 426 3518 praecipiuntur.
470 3436 585 3517 Aeque
608 3438 707 3518 atque
731 3435 766 3499 in
790 3444 943 3521 μετρικοῖς
958 3429 1112 3518 ἀτάκτοις,
1133 3439 1171 3500 ut
1193 3452 1328 3498 carmen

162 3536 300 3621 aliquod
323 3542 412 3604 reete
436 3536 467 3616 ἐξ
490 3530 604 3624 ὁμοίων
627 3538 694 3603 dici
715 3540 835 3622 possit,
858 3560 997 3605 necesse
1021 3544 1072 3605 est
1100 3558 1209 3621 neque
1237 3556 1327 3600 corn-

161 3642 368 3727 positionem
383 3641 465 3705 κατοὶ
489 3639 594 3726 στίχον
620 3662 727 3725 neque
750 3639 833 3707 κατὰ
855 3641 962 3728 σχέσιν
990 3644 1025 3708 in
1049 3664 1088 3707 eo
1112 3639 1327 3725 deprehendi.

159 3750 198 3813 ln
246 3746 435 3829 posteriore
478 3748 719 3811 commentario
763 3752 903 3831 utraque
948 3746 1148 3830 compositio
1191 3743 1328 3809 reicitur

161 3872 195 3934 p.
219 3850 322 3914 XlVl
347 3847 458 3913 verbis
482 3845 554 3912 ἄνευ
577 3844 713 3935 ἀριθμοῦ
735 3870 813 3926 τινος
835 3847 1045 3935 ώρισμὲνουῑ),
1067 3853 1146 3933 post
1169 3849 1210 3913 de
1237 3866 1328 3912 corn-

160 3953 333 4038 positione
361 3948 444 4015 κατά
472 3950 578 4038 σχὲσιν
608 3953 708 4017 etiarn
738 3954 907 4037 copiosius
932 3955 1129 4036 disputatur,
1160 3950 1327 4035 inpriore

162 4058 266 4122 verba
289 4056 345 4120 illa
367 4055 497 4135 desunt,
526 4055 586 4121 sed
613 4076 675 4139 pro
705 4057 753 4121 eis
777 4057 940 4122 habemus
967 4078 1000 4139 p.
1023 4058 1064 4120 lV
1088 4056 1179 4119 la-
1196 4056 1234 4119 13
1256 4050 1328 4117 οὔτε

256 4332 275 4402 ¹)
293 4332 324 4386 ln
343 4331 515 4395 carminibus,
535 4347 606 4399 quaa
626 4348 658 4387 ex
672 4334 769 4387 eodem
780 4334 850 4402 pede
862 4334 906 4387 vel
919 4335 1015 4388 eadem
1029 4331 1139 4401 syzygia
1156 4331 1201 4386 vel
1213 4329 1327 4399 periodo

164 4424 304 4483 constant,
322 4420 392 4474 inter
411 4418 626 4487 compositiones
644 4422 716 4473 κατὰ
734 4424 822 4487 στίχον
840 4425 868 4473 et
885 4422 957 4474 κατὰ
975 4425 1061 4488 σχέσιν
1078 4420 1132 4473 hoc
1144 4434 1229 4471 unum
1246 4415 1327 4468 inter·

164 4514 218 4571 est,
239 4508 314 4576 quod
327 4510 409 4575 στίχοι
421 4507 495 4560 ultra
508 4510 612 4560 certum
630 4509 744 4562 modum
756 4509 889 4562 excedere
908 4512 1056 4577 nequeunt,
1076 4523 1137 4561 cnm
1155 4495 1329 4574 stropharum

164 4598 283 4665 μέγαθος
304 4594 388 4650 nullis
408 4594 444 4647 sit
461 4594 584 4648 terminis
603 4594 844 4664 circumscriptum.
