3459 5200
619 589 821 686 Aa.-

135 799 304 881 strophas
344 797 440 863 Patet
458 799 558 878 igitur
573 794 789 883 ἀπολελυμένα
812 796 967 879 primitus
991 816 1061 861 non
1083 797 1188 861 luisse
1211 797 1307 880 quasi

135 903 274 966 schema
307 902 476 985 quoddam
509 901 781 983 philosophicum
816 921 855 963 eo
891 899 1033 963 consilio
1066 900 1178 963 fictum
1208 905 1306 982 atque

134 1003 317 1080 delinitum,
346 1008 383 1068 ut
411 1003 525 1067 omnia
555 1003 705 1067 carmina
734 1003 782 1066 eis
812 1003 1060 1079 subicerentur,
1090 1022 1175 1084 quae
1202 1000 1308 1086 σχέσιν

133 1107 338 1184 abnuerent,
374 1108 433 1171 sed
468 1111 595 1172 certum
629 1107 798 1190 quoddam
828 1106 1015 1170 carminum
1043 1125 1163 1186 genus:
1193 1127 1213 1169 a
1240 1127 1306 1188 quo

135 1229 212 1274 cum
235 1210 346 1274 aliena
369 1214 484 1274 essent
508 1206 637 1295 μετρικοὶ
660 1203 793 1287 ἅπαντα,
817 1209 964 1292 speciem
986 1208 1045 1273 τῶν
1069 1206 1307 1293 ἀπολελυμένον

135 1313 268 1378 efficere
292 1333 361 1378 non
384 1317 575 1396 potuerunt.
621 1312 782 1378 Carmina
806 1311 838 1390 ἐξ
860 1304 975 1397 ὁμοίων
990 1312 1219 1393 Westphalius
1243 1313 1264 1377 l.
1281 1331 1308 1376 c.

133 1437 166 1498 p.
183 1418 248 1480 aod
264 1438 315 1500 sq.
334 1436 474 1500 prorsus
487 1431 510 1480 ¹a
526 1417 731 1480 carminibus
747 1413 829 1478 κατὰ
845 1414 952 1501 σχέσιν
969 1415 1154 1497 segregavit
1175 1416 1307 1498 duoque

132 1523 196 1583 τῶν
229 1517 468 1604 ἀπολελυμένον
501 1540 624 1602 genera
655 1519 751 1584 finxit
785 1517 1002 1603 ἀπολελυμένα
1030 1517 1063 1596 ἐξ
1093 1515 1245 1603 ἀνομοίων
1274 1523 1306 1582 et

134 1619 355 1705 ἀπολελυμένα
377 1620 410 1699 ἐξ
433 1618 555 1707 ὁμοίων.
607 1621 679 1699 Qua
709 1621 902 1685 coniectura
931 1621 960 1684 si
993 1625 1124 1685 tantum
1152 1621 1307 1702 Hephae-

133 1725 258 1789 stionis
281 1725 469 1789 doctrinam
494 1725 568 1807 ipsa
591 1725 661 1788 eius
684 1726 787 1789 verba
816 1725 860 1806 (p.
884 1724 956 1788 XIV
983 1726 994 1786 l
1022 1726 1108 1807 sqq.)
1137 1721 1191 1788 ἐὰν
1220 1743 1308 1787 τετα-

132 1827 247 1913 γμένος
269 1825 403 1912 ἀριθμὸς
424 1825 456 1912 ᾖ,
480 1825 539 1892 οὐκ
556 1828 636 1891 ἔστιν
654 1825 686 1905 ἐξ
703 1825 831 1912 ὁμοίων,
856 1819 939 1890 ἀλλά
955 1825 1039 1890 κατὰ
1054 1826 1161 1912 σχέσιν
1172 1831 1307 1892 secutus

134 1931 202 1996 sibi
237 1935 477 2013 congruentem
506 1931 647 1996 reddere
676 1932 812 2012 studuit,
844 1931 1070 2013 Westphalius
1103 1932 1190 1995 bene
1219 1931 1307 2006 fecit,

134 2036 198 2101 sed
220 2034 317 2099 aliter
345 2035 561 2100 iudicandum
584 2039 637 2099 cst
658 2054 771 2098 veram
796 2035 982 2098 carminum
1012 2031 1181 2118 ἐξέμοίιυν
1210 2035 1308 2099 indo-

134 2141 203 2202 lem
227 2137 404 2220 spectanti.
448 2136 655 2220 Hephaestio
680 2157 815 2202 carmen
838 2138 1020 2215 Alcaicum,
1039 2138 1167 2220 quippe
1191 2139 1307 2220 inquo

134 2239 244 2325 σχέσις
267 2241 409 2318 inesset,
439 2260 479 2305 ex
502 2240 562 2304 τῶν
585 2239 617 2318 ἐξ
640 2237 753 2325 ὁμοίων
781 2261 921 2305 numero
951 2242 1103 2319 seclusit,
1132 2243 1196 2306 etsi
1224 2243 1309 2306 alios

132 2345 234 2408 aliter
264 2343 414 2408 sensisse
437 2343 676 2426 significavit.¹)
721 2345 787 2410 Sed
823 2345 902 2427 quid
937 2344 1079 2409 interest
1113 2345 1201 2410 inter
1229 2345 1311 2410 illud

133 2467 273 2512 carmen
308 2450 341 2511 et
376 2467 510 2512 carmen
544 2465 621 2512 vere
650 2446 681 2524 ἐξ
710 2443 845 2531 ὀμοέιυνὶ)
889 2447 978 2511 Nihil
1006 2448 1073 2511 nisi
1096 2449 1186 2530 quod
1207 2468 1310 2532 περιο-

132 2549 238 2636 ρισμυέ
261 2552 296 2616 in
319 2551 382 2615 hoc
407 2553 485 2614 sunt
508 2547 616 2627 ἄνισοι,
640 2549 674 2614 in
698 2550 755 2615 illo
778 2550 847 2614 ἴσοι.
899 2549 1055 2615 Ceterum
1084 2552 1310 2633 componendi

132 2654 236 2731 ratio,
260 2656 295 2719 in
319 2674 384 2737 qua
406 2654 585 2735 singularis
610 2653 795 2717 carminum
822 2651 854 2729 ἐξ
877 2650 991 2738 ὁμοίων
1018 2654 1172 2719 condicio
1198 2655 1311 2737 posita

131 2762 203 2837 est,
238 2761 271 2820 et
303 2758 359 2823 hic
393 2761 426 2821 et
455 2756 642 2821 illic-iuxta
672 2757 879 2821 observatur.
924 2757 1020 2821 Unde
1044 2758 1123 2840 quid
1147 2759 1310 2823 eflicitur?

130 2862 176 2938 ls,
193 2860 250 2942 qui
267 2861 452 2925 carminum
470 2880 594 2941 genera
611 2856 694 2922 κατὰ
716 2859 822 2943 σχέσιν
838 2865 871 2925 et
886 2858 1106 2944 ἀπολελυμένα
1121 2863 1309 2944 proposuit,

133 2964 287 3027 carmina
310 2962 342 3041 ἐξ
364 2961 478 3049 ὁμοίων
505 2964 643 3028 omnino
668 2963 822 3045 neglexit.
873 2964 997 3027 Postea
1026 2962 1083 3028 alii
1110 2965 1174 3028 hoc
1203 2986 1309 3046 genus

133 3070 169 3131 in
195 3066 424 3131 fundamentis
447 3067 545 3148 longe
570 3066 711 3131 diversis
740 3067 889 3148 positum
924 3086 998 3130 cum
1028 3067 1093 3131 illis
1124 3069 1310 3133 carminum

132 3171 315 3253 generibus
340 3170 537 3235 consociare
561 3170 729 3234 diversum
752 3170 788 3233 in
811 3170 949 3234 modum
972 3189 1109 3251 operam
1131 3172 1309 3235 navabant.

224 3290 272 3354 Ex
307 3290 493 3354 carminum
526 3286 609 3352 κατὰ
642 3286 749 3373 σχέσιν
784 3289 959 3371 speciebus
990 3288 1030 3353 de
1065 3291 1214 3373 epodicis
1243 3293 1309 3356 iam

133 3413 240 3476 supra
263 3392 416 3457 disserui.
462 3392 603 3457 Generis
624 3397 659 3457 et
682 3413 806 3458 nomen
830 3398 863 3457 et
886 3393 1149 3474 descriptionem
1170 3396 1213 3459 ad
1229 3416 1310 3479 epo·

132 3498 290 3561 dicorum
313 3497 448 3579 proprie
472 3497 638 3560 dictorum
662 3496 915 3560 similitudinem
936 3496 1012 3560 ficta
1032 3518 1107 3563 esse
1124 3519 1224 3563 nemo
1241 3518 1309 3562 non

134 3600 238 3664 videt.
285 3600 394 3664 Etiam
418 3600 498 3664 illud
522 3600 727 3665 contendere
750 3600 857 3664 ausim
888 3620 979 3677 eum,
1008 3602 1064 3683 qui
1094 3602 1310 3685 epodicorum

134 3704 269 3787 species
294 3704 421 3782 statuit,
445 3724 513 3767 non
537 3708 605 3768 tarn
630 3703 664 3766 id
687 3703 806 3785 egisse,
829 3707 866 3767 ut
886 3724 969 3786 quae
986 3704 1172 3771 carminum
1188 3726 1310 3788 genera

130 3806 224 3889 apud
247 3812 366 3888 poetas
397 3808 627 3884 occurrerent,
667 3806 700 3869 in
729 3826 832 3871 unum
856 3807 1026 3871 conferret
1048 3813 1081 3873 et
1104 3809 1309 3891 disponeret,

132 3910 197 3974 sed
220 3914 257 3973 ut
280 3910 394 3973 omnia
418 3910 590 3974 schemata
613 3910 813 3987 exhauriret,
838 3929 1070 3994 quaecunque,
1098 3914 1156 3977 ubi
1180 3913 1308 3977 duabus

130 4012 276 4096 paribus
301 4013 450 4095 strophis
475 4033 549 4077 sese
574 4012 818 4094 excipientibus
848 4032 916 4076 una
944 4018 1001 4076 aut
1031 4014 1115 4078 duae
1151 4016 1310 4097 strophae

130 4118 177 4181 ab
202 4115 253 4179 eis
276 4114 429 4179 diversae
451 4116 629 4195 adduntur,
653 4115 794 4179 evadere
820 4117 1005 4197 possunt.)

229 4364 249 4433 ¹)
261 4362 388 4430 Ἄπειρον,
408 4379 490 4433 quem
505 4362 676 4431 Hephaestio
691 4367 897 4425 commemorat,
916 4362 1002 4416 luisse
1014 4362 1202 4428 Heliodorum,
1216 4381 1310 4434 quam·

129 4454 175 4506 vis
196 4450 321 4520 proclive
340 4450 376 4503 sit
396 4451 538 4519 suspicari,
559 4450 635 4503 nullo
655 4450 814 4504 testimonio
834 4451 1037 4519 comprobatur.

223 4536 247 4607 ¹)
265 4538 347 4591 Velut
370 4538 534 4604 παλινῳοικά
560 4540 684 4607 prolecto
713 4555 769 4592 non
795 4538 859 4591 ideo
887 4539 1040 4607 proposuit,
1068 4539 1133 4608 quia
1160 4540 1188 4594 in
1211 4541 1310 4596 Aesch.

129 4626 261 4695 Choepb.
280 4642 305 4678 r.
323 4624 446 4679 lar-53
465 4626 602 4692 leguntur,
622 4625 671 4678 sed
690 4630 720 4677 ut
738 4626 831 4678 omnia
850 4641 952 4692 genera
970 4625 1135 4681 absolveret
