3459 5200
780 404 824 470 59

322 597 363 662 ta
395 599 451 670 τὰς
475 595 506 669 ἓξ
530 600 748 686 διφθότγους
771 597 813 671 ὡς
836 602 957 686 μακρὰς
980 603 1161 684 amovear)

321 703 363 769 96
396 705 515 788 βλαστῷ
538 701 615 770 Χίου
639 702 727 791 Κρὴς
750 702 875 792 εὐτελὴς
897 703 1109 795 Ἰωάννης.’)

185 825 268 892 Item
289 826 422 912 hiatum,
451 847 547 912 quem
569 828 817 912 diligentissime
845 830 950 896 vitare
979 830 1072 916 solet,
1101 851 1166 898 non
1192 831 1325 898 admisit
1352 833 1416 900 nisi

186 939 262 999 ante
285 935 476 1000 voeabula
500 934 719 1018 sollemnia3
744 934 785 1001 ei.
808 957 839 1001 v.
863 938 909 1005 40
932 941 967 1002 τὸ
992 942 1022 1021 Ε,
1045 940 1090 1005 48
1112 951 1156 1024 τῷ
1178 944 1200 998 Ω
1226 947 1259 1005 et
1281 952 1325 1025 τῷ
1346 939 1415 1028 ἠτα,

185 1041 230 1105 44
253 1039 338 1127 ἄλφα
359 1037 434 1106 ἰῶτα
456 1047 489 1106 et
512 1044 545 1107 τὸ
568 1046 599 1105 Υ.

274 1145 398 1230 Legem
430 1145 472 1212 de
504 1147 703 1233 syllabarum
740 1149 1016 1216 circumflexamm
1052 1171 1204 1218 mensura
1241 1152 1415 1232 servanda,

184 1273 283 1337 quam
307 1253 422 1320 statuit
442 1253 583 1322 Ioannes
606 1254 791 1341 Botaniata‚
815 1255 993 1322 identidem
1016 1277 1037 1322 a
1060 1257 1334 1326 versificatoribus
1352 1260 1416 1344 By-

186 1358 325 1427 zantinis
348 1359 528 1444 neglectam
554 1379 627 1428 esse
649 1362 856 1446 cognoscitur
879 1382 921 1428 ex
942 1363 1060 1429 Isidori
1092 1363 1229 1449 Hilberg
1258 1385 1417 1431 eommen·

186 1467 362 1534 tationibus
384 1467 419 1533 in
441 1468 572 1536 Wiener
595 1468 731 1536 Studien
753 1469 817 1535 rol.
842 1469 919 1534 VIII
949 1473 992 1553 (a.
1020 1473 1119 1553 1886)
1148 1493 1181 1559 p.
1205 1475 1271 1540 809
1295 1480 1329 1539 et
1351 1472 1415 1541 vol.

186 1571 218 1637 X
242 1578 284 1652 (a.
313 1574 409 1652 1888)
432 1595 464 1660 p.
490 1577 530 1642 81
557 1595 628 1660 sqq.

698 2042 827 2154 Caput
859 2043 905 2129 V.

186 2235 240 2300 De
273 2233 427 2318 IgnatIo
462 2229 640 2316 diatono,
668 2231 891 2299 Theodosio
918 2231 1097 2311 diacono,
1127 2233 1415 2319 christophoro

252 2340 505 2425 Mytilenaeo,
529 2339 674 2404 Ioanne
697 2337 965 2406 Euchaitensi.
1012 2338 1138 2422 (Saea.
1162 2340 1355 2427 Ix-xi.)

273 2517 455 2604 Byzantina
478 2523 587 2583 aetate
610 2517 778 2603 antiquam
799 2517 961 2584 vocalium
974 2522 1054 2577 ΑΙΥ
1078 2518 1292 2601 quantitatem
1306 2539 1328 2585 a
1342 2540 1413 2586 ver-

186 2624 402 2693 sificatoribus
431 2624 505 2710 plus
537 2625 684 2693 minusve
718 2625 901 2709 negleotam
932 2644 1006 2691 esse
1037 2644 1096 2710 per
1126 2625 1236 2691 omnia
1268 2635 1414 2711 tempora

184 2732 269 2798 inter
297 2751 407 2796 omnes
440 2732 620 2797 constabat
664 2732 758 2797 Hune
789 2730 977 2816 pensitandi
1009 2730 1147 2797 abusum
1177 2752 1241 2798 non
1272 2741 1414 2818 repente,

185 2836 245 2905 sed
284 2836 404 2904 sensim
441 2836 737 2923 pedetemptimque
775 2843 879 2903 ortum
912 2845 944 2903 et
975 2836 1151 2903 seeundum
1182 2844 1289 2905 certas
1321 2838 1414 2923 leges

186 2951 318 3010 auctum
342 2963 416 3011 esse
439 2943 561 3030 primus
590 2943 699 3010 doouit
726 2943 872 3011 Isidorus
900 2944 1036 3027 Ililberg
1064 2944 1097 3010 in
1119 2943 1250 3011 Wiener
1278 2945 1414 3013 Studien

184 3050 248 3116 vol.
272 3050 350 3115 VIII
373 3054 417 3134 (a.
437 3052 534 3131 1886)
558 3071 590 3135 p.
614 3052 682 3117 290
704 3070 774 3135 sqq.
800 3052 847 3117 eis
870 3049 1143 3118 versificatoribus
1166 3051 1357 3136 Byzantinis
1380 3052 1414 3118 in

185 3177 317 3223 censum
344 3158 468 3223 voeatis
496 3156 553 3240 qni
579 3165 680 3222 metro
713 3157 862 3233 iambico,
895 3156 982 3240 quod
1013 3156 1186 3241 Byzantini
1218 3158 1251 3222 in
1284 3157 1412 3225 deliciis

185 3262 360 3349 habebant,
383 3263 434 3330 usi
458 3273 541 3329 sunt.
588 3264 679 3329 Curis
702 3264 923 3347 Hilbergianis
947 3263 1200 3329 demonstratum
1228 3271 1279 3331 est
1301 3284 1413 3332 omnes

184 3370 433 3455 versifioatores,
458 3370 513 3455 qui
538 3370 719 3456 Byzantina
742 3378 851 3435 aetate
875 3369 1021 3436 senarios
1045 3370 1201 3435 iambioos
1225 3389 1412 3455 composue-

184 3485 268 3561 runt,
293 3497 364 3544 eum
387 3476 462 3542 aliis
484 3478 663 3543 rationibus
686 3476 827 3543 metriois
842 3484 909 3542 tum
922 3475 1083 3543 vooalium
1103 3480 1186 3535 Ali
1205 3496 1265 3542 usu
1279 3477 1313 3542 in
1328 3497 1413 3547 eom·

184 3583 294 3669 plnres
317 3590 427 3669 partes
451 3582 645 3649 dividendos
669 3604 752 3651 esse.
790 3582 856 3648 Sed
880 3602 930 3647 me
954 3580 1084 3666 quidem
1106 3580 1214 3649 iudiee
1236 3583 1262 3649 l.
1275 3582 1414 3668 Hilberg

185 3709 301 3777 parum
324 3696 476 3756 aeourate
500 3691 633 3774 agnovit
655 3710 719 3755 non
742 3689 816 3775 plus
839 3710 936 3774 quam
955 3697 1021 3756 tres
1036 3690 1175 3755 existere
1189 3688 1320 3757 ordines
1334 3691 1412 3757 iam·

185 3797 424 3883 bograplrorum
446 3798 707 3883 Byzantinorum.

274 3906 480 3990 deprimam
503 3903 633 3987 quidem
657 3904 761 3969 looum
785 3904 809 3967 Ι.
827 3902 964 3986 Hilberg
988 3923 1046 3969 sno
1069 3902 1139 3968 iure
1163 3904 1211 3971 eis
1232 3904 1344 3973 tribuit
1357 3904 1413 3988 qui

185 4010 332 4077 senarios
354 4011 549 4095 plusquam
572 4009 731 4076 duodenis
755 4007 893 4093 syllabis
917 4008 1002 4075 efflei
1023 4008 1121 4075 lioere
1136 4020 1168 4075 et
1184 4010 1327 4075 ultimam
1343 4031 1413 4075 ver·

185 4138 241 4184 sus
265 4117 427 4203 syllabam
448 4125 583 4183 aeoentu
606 4116 819 4201 grammatico
846 4136 965 4183 vaoare
996 4116 1180 4202 voluerunt3
1209 4117 1233 4181 ii
1260 4117 1414 4199 quoniam

185 4223 324 4309 pedibus
347 4223 525 4309 trisyllabIs
548 4223 702 4290 admissis
725 4244 789 4289 non
813 4230 906 4288 erant
920 4222 1067 4309 impediti
1082 4222 1244 4306 angustiis
1258 4222 1412 4307 metriois,

184 4331 358 4415 murinam
383 4330 580 4415 syllabarum
603 4330 818 4414 quantitatem
840 4330 994 4413 religiose
1009 4330 1270 4395 observavemnt
1308 4328 1414 4396 Huius

277 4580 298 4649 ¹)
326 4580 368 4637 cf.
386 4599 411 4636 v.
433 4582 467 4635 18
485 4596 524 4649 sq.
543 4583 571 4635 et
589 4579 625 4633 60
643 4596 703 4647 sqq.

277 4668 298 4739 ¹)
327 4670 368 4726 of.
387 4688 413 4726 v.
432 4668 538 4723 21-28
556 4671 585 4723 et
604 4668 647 4722 89.
