3459 5200
986 507 1026 572 32

515 711 619 776 Μιντοὶ
633 712 669 776 δέ
683 708 765 776 κατὰ
789 710 895 796 σχέσιν
917 710 1006 793 έστίν,
1029 709 1090 776 ὅσα
1105 710 1143 776 ἐκ
1165 717 1266 797 μερῶν
1285 713 1376 795 ἐστιν,
1396 710 1521 780 πάντων
1537 715 1600 799 μέν

424 813 508 880 κατὰ
542 815 657 900 σχέσιν,
691 813 887 901 <οὶν>σμοίῶν
913 815 949 878 δέ
971 811 1118 900 ἀλλήλοις
1150 813 1234 879 κατὰ
1272 816 1330 901 τὴν
1362 815 1455 900 ἰδέαν,
1487 818 1529 880 έιι
1550 837 1600 902 ,τε

425 919 586 1003 έτφδικῶν
609 920 663 983 καὶ
685 918 936 1005 μσνσστροφικῶν
957 916 980 1002 ἢ
1002 918 1086 983 κατὰ
1106 916 1288 1005 περικοπήν.

508 1043 616 1123 Atque
645 1041 771 1123 optimo
800 1041 865 1105 hoc
890 1039 967 1105 fecit
989 1039 1070 1106 iure.
1114 1041 1199 1106 Nam
1221 1060 1292 1106 non
1315 1043 1423 1106 solum
1445 1046 1597 1125 utroque

424 1145 499 1209 loco
523 1143 665 1209 similem
690 1143 721 1207 in
744 1142 881 1208 modum
905 1146 1022 1208 sermo'
1040 1147 1092 1208 est
1113 1143 1155 1208 de
1177 1142 1309 1229 μέρεσιν,
1334 1145 1527 1224 sedetiam,
1552 1145 1597 1210 id

424 1246 512 1330 quod
534 1247 665 1330 gravius
689 1251 750 1326 est,
775 1267 850 1312 cum
872 1251 960 1329 etp.
983 1248 1009 1311 V
1030 1247 1115 1311 4..5
1138 1251 1171 1312 et
1186 1269 1217 1330 p.
1230 1249 1273 1312 Vl
1287 1249 1410 1313 ao-at
1433 1249 1597 1331 exempla

420 1355 578 1434 petantur
606 1371 626 1416 a
652 1351 759 1416 tribus
789 1351 854 1416 illis
884 1351 1070 1434 generibus,
1095 1371 1179 1434 quae
1202 1371 1304 1434 supra
1325 1353 1440 1434 primo,
1462 1352 1590 1428 altero,

421 1456 519 1519 tertio
548 1457 623 1520 loco
652 1458 846 1520 enumerata
868 1460 974 1534 erant,
996 1459 1137 1538 utroque
1160 1456 1234 1520 loco
1259 1455 1340 1520 illud
1363 1455 1466 1530 deest,
1490 1455 1592 1538 quod

421 1559 538 1623 Graeci
554 1559 717 1625 vocabulo
735 1558 849 1642 ,,οἰον“,
868 1559 977 1625 Latini
990 1559 1130 1639 „velut“,
1143 1559 1300 1624 Germani
1314 1579 1405 1639 „zum
1416 1559 1594 1640 Beispiel“

381 1711 385 1715 -
422 1661 608 1744 significare
624 1663 743 1742 solent,
767 1663 881 1740 itaut,
905 1663 933 1725 si
957 1662 1031 1745 quis
1054 1664 1156 1727 verba
1177 1681 1331 1744 premere
1352 1663 1441 1741 velit,
1464 1665 1596 1726 neutra

423 1765 569 1830 definitio
593 1770 684 1831 recta
706 1767 771 1831 dici
793 1766 912 1848 possit.
957 1765 1124 1843 Quoniam
1146 1770 1257 1832 autem
1279 1785 1366 1830 unus
1381 1773 1478 1850 atque
1494 1765 1597 1830 idern

423 1869 572 1934 condidit
600 1871 709 1952 capita
737 1891 768 1952 p.
799 1869 839 1934 lll
865 1870 990 1934 14-15
1019 1875 1053 1934 et
1081 1890 1112 1952 p.
1136 1870 1277 1948 vet-5,
1305 1869 1444 1934 efficitur
1464 1888 1598 1933 omnes

420 1976 490 2038 tres
524 1973 598 2038 illas
630 1973 691 2037 τῶν
722 1973 836 2058 μιιιτῶν
870 1973 1080 2038 definitiones
1113 1974 1156 2038 ab
1191 1973 1309 2038 eodem
1343 1972 1478 2037 homine
1509 1991 1599 2037 esse

421 2076 598 2159 profectas

505 2197 618 2280 Neque
650 2196 760 2262 minus
794 2197 936 2281 insignis
971 2201 1022 2262 est
1056 2195 1253 2273 similitud0,
1289 2215 1373 2280 quae
1409 2195 1598 2261 intercedit

421 2302 508 2366 inter
530 2298 619 2366 κοινοὶ
641 2296 858 2386 συστηματικοί
881 2305 914 2366 et
936 2299 1024 2366 κοινοὶ
1046 2297 1130 2363 κατὰ
1151 2299 1259 2384 σχέσιν

594 2442 625 2504 p.
649 2423 676 2485 V
698 2422 797 2486 6-9:
1188 2441 1220 2502 p.
1243 2419 1303 2484 vn
1327 2421 1423 2484 1-4:

463 2539 562 2607 Κοινὰ
577 2543 611 2606 δέ
627 2539 686 2605 ὅσοι
700 2539 775 2607 καθ’
794 2540 902 2629 έτέραν
922 2543 977 2629 μέν
1071 2538 1170 2607 Κοινὰ
1198 2539 1233 2606 δέ
1261 2540 1327 2606 ἐστι
1357 2539 1441 2605 κατὰ
1466 2539 1597 2626 σχέσιν,

423 2645 507 2711 ἰδέαν
521 2645 693 2732 γέγραπται
704 2649 759 2711 τοῦ
771 2644 975 2732 συστήματος,
1029 2634 1090 2709 ὅσα
1111 2641 1186 2709 ταδ’
1212 2642 1319 2730 ἑτέραν
1342 2646 1397 2731 μέν
1419 2642 1502 2709 ἰδέαν
1522 2651 1599 2711 τῶν

422 2748 547 2816 δύναται
569 2750 604 2813 δέ
625 2751 680 2814 ιιαί
701 2742 777 2813 καθ’
793 2748 901 2836 ἑτέραν
925 2770 976 2834 γε·
1028 2748 1110 2813 κατὰ
1133 2746 1239 2833 σχέσιν
1254 2748 1436 2833 γέγραπται,
1457 2746 1599 2813 δύναται

420 2850 563 2937 γροίφδαι
592 2853 703 2917 δοκεῖν.
754 2852 818 2917 οἷον
846 2845 911 2937 φέρ’
936 2852 975 2916 εἰ·
1028 2852 1139 2915 δὲκαὶ
1161 2844 1236 2915 καθ’
1267 2849 1374 2937 έτέροιν
1402 2845 1597 2936 γεγράφθαι

419 2964 487 3020 πεῖν
515 2954 547 3033 ἐξ
583 2953 695 3041 ὁμοίων
723 2954 797 3022 ὄντα
827 2951 976 3041 <διίναται
1029 2955 1142 3020 δοκεῖν.
1186 2954 1249 3019 σίον
1278 2954 1306 3019 εἰ
1334 2961 1597 3041 μονοστροφιιιῶς

420 3058 518 3123 ταῦτα
551 3060 626 3143 ccl>
664 3057 746 3124 κατὰ
786 3058 892 3143 σχέσιν
924 3079 975 3143 γε·
1027 3058 1145 3144 γραφέν
1168 3054 1293 3121 δύναται
1314 3057 1405 3122 τοῦτο
1427 3059 1483 3121 καὶ
1504 3058 1595 3143 έιτῳ-

419 3158 562 3247 γροίφδαι
584 3163 696 3229 δοκεῖν.
1028 3162 1121 3238 διττῶς
1141 3156 1321 3247 γεγροὶφδαι
1342 3161 1455 3226 δοκεῖν.

505 3300 618 3385 Neque
640 3300 785 3365 Hensius
810 3300 943 3383 negavit
966 3300 1049 3365 haec
1072 3300 1183 3383 capita
1204 3299 1383 3364 abeodem
1404 3318 1481 3365 esse
1504 3318 1593 3364 con-

422 3404 501 3484 dita,
532 3404 591 3469 sed
621 3402 789 3469 diversum
812 3424 888 3469 esse
910 3404 1085 3469 affirmavit
1108 3423 1223 3469 eorum
1246 3402 1446 3487 scriptorem
1468 3403 1511 3467 ab
1534 3423 1593 3482 eo,

422 3508 476 3589 qui
505 3508 651 3590 priorem
680 3508 913 3575 commentarii
946 3511 1077 3591 partem
1110 3506 1329 3590 concepisset.
1379 3506 1465 3571 Cum
1494 3506 1591 3571 enim

423 3631 498 3676 eum
522 3612 577 3693 qui
600 3611 709 3694 capita
731 3633 761 3693 p.
783 3610 829 3675 Ill
848 3610 986 3675 1-1v5
1009 3609 1226 3688 condidisset,
1249 3610 1292 3676 ad
1307 3609 1465 3692 strophas
1482 3609 1590 3691 signi-

418 3714 565 3779 ficandas
593 3734 690 3780 usum
718 3736 792 3779 esse
823 3713 986 3779 vocabulo
1011 3714 1165 3778 sollemni
1187 3709 1341 3799 σύστημα,
1365 3732 1442 3778 eum
1469 3733 1489 3776 a
1519 3732 1589 3795 quo

417 3838 449 3900 p.
473 3818 500 3881 V
514 3818 634 3881 4-Vll
648 3818 670 3881 l
685 3818 827 3883 oriunda
843 3819 967 3899 essent,
989 3818 1071 3883 artis
1087 3816 1249 3882 vocabulo
1263 3815 1407 3901 περίοδος
1419 3820 1586 3896 censeret,

417 3942 449 4003 p.
477 3921 547 3985 Vi
574 3920 628 3985 τοῦ
661 3918 856 4007 συστήματος
889 3941 1078 4003 expungere
1110 3922 1224 3986 voluit.
1274 3922 1431 3986 Attamen
1460 3923 1498 3983 ut
1530 3938 1585 3983 ce·

418 4030 489 4089 tera
515 4024 618 4089 verba
643 4023 895 4089 accuratissime
918 4024 1004 4089 inter
1028 4044 1064 4088 se
1091 4024 1306 4107 respondent,
1330 4024 1378 4088 sic
1405 4041 1475 4087 non
1505 4022 1584 4085 licet
1701 4035 1702 4082 ι

419 4148 457 4193 ea
480 4127 602 4207 delere,
628 4148 712 4211 quae
741 4128 852 4193 verbis
882 4132 942 4191 τῶν
963 4127 1047 4191 κατὰ
1069 4126 1175 4213 σχέσιν
1198 4127 1432 4211 respondeant.
1478 4126 1582 4190 Immo

419 4231 631 4296 scribendum
661 4234 712 4295 est
741 4234 798 4296 aut
824 4235 885 4295 τῶν
913 4230 1149 4316 συστηματικῶν
1176 4234 1242 4311 aut,
1280 4230 1370 4313 quod
1394 4229 1535 4311 propius
1562 4248 1583 4291 a

418 4336 561 4400 lectione
577 4334 699 4400 tradita
710 4336 816 4414 abest,
832 4335 887 4398 τοῦ
899 4332 1129 4419 συστηματικοῡ
1142 4354 1188 4398 sc.
1199 4331 1316 4417 γένους,
1333 4332 1423 4416 quod
1438 4331 1579 4397 alterum

417 4438 609 4504 defenditur
631 4437 862 4503 commentarii
885 4437 914 4501 ll
935 4438 1047 4502 verbis
1069 4458 1100 4519 p.
1124 4434 1191 4499 XX
1215 4438 1337 4500 10-11
1361 4434 1478 4499 Μικτὸν
1511 4481 1577 4499 ...

416 4542 546 4627 ποίημα,
569 4542 601 4606 έν
624 4540 648 4626 ᾧ
674 4542 736 4606 έστι
753 4540 832 4626 μέρη
861 4537 937 4621 τινοί,
961 4539 1040 4625 ἅπερ
1063 4542 1179 4625 ἔφαμεν
1203 4540 1279 4603 εἶναι
1300 4538 1354 4603 τοῦ
1376 4538 1460 4601 ιιοιτοὶ
1474 4534 1580 4621 σχέσιν
