3459 5200
975 424 1019 489 38

380 629 444 707 tur,
478 621 568 688 cuius
597 622 624 688 si
652 643 800 686 memores
830 628 953 700 essent,
987 621 1143 685 bonarum
1176 619 1292 686 artium
1323 619 1444 685 lamam
1474 619 1609 685 fructum

382 729 561 794 constantis
584 733 735 794 orntmttoe
757 728 892 795 laturos.

471 835 502 900 S.
531 837 590 921 Ep.
614 838 666 902 81.
688 839 745 902 31:
778 835 811 900 iu
839 841 932 900 tanta
963 833 1155 900 iudiciorum
1188 833 1381 900 diversitate
1412 839 1611 919 referendam

381 945 454 1008 bene
476 945 660 1008 ermenildam
681 945 817 1026 proliuut'
838 961 950 1007 omncs
974 941 1032 1006 tibi
1055 961 1127 1027 uno,
1151 939 1238 1025 qnod
1262 941 1363 1027 aiunt,
1387 961 1442 1006 ore
1461 941 1611 1007 adfirma-

380 1051 533 1120 1111111-
559 1048 599 1115 de
622 1048 728 1117 benef.
752 1048 813 1114 VII
838 1051 890 1117 27.
910 1053 942 1114 1:
982 1048 1016 1114 Si
1044 1048 1102 1113 tibi
1134 1052 1215 1113 oilae
1245 1058 1370 1114 nostroe
1401 1070 1479 1115 vera
1511 1053 1611 1134 irnopo

382 1165 546 1224 succurret
579 1155 622 1222 ad
647 1157 744 1224 blare.
769 1155 810 1220 de
834 1155 955 1223 consol.
979 1156 1061 1221 115:
1086 1155 1215 1223 Nullam
1236 1154 1356 1222 babere
1375 1160 1538 1240 iereopioem
1553 1157 1612 1222 filii

382 1264 543 1331 carissimi
575 1263 690 1348 voluit,
721 1262 842 1329 nullam
872 1263 932 1328 sibi
962 1261 1003 1327 de
1026 1261 1083 1327 illo
1106 1261 1176 1328 fieri
1200 1262 1403 1328 mentionem.
1429 1301 1470 1310 —
1495 1263 1609 1348 fragm.

383 1373 415 1435 II
444 1371 516 1436 libri
548 1368 728 1454 ,quomodo
758 1369 902 1436 amicitia
934 1368 1129 1435 continenda
1161 1369 1222 1436 sit¹⁴
1266 1369 1463 1456 t‘BresIauer
1493 1371 1610 1439 Philol.

381 1476 550 1544 Abhandl!
573 1478 636 1542 vol.
658 1478 724 1542 113
751 1497 782 1562 p.
798 1477 941 1542 XXVIII
965 1497 1029 1560 sq.3
1054 1477 1179 1543 Seneca
1202 1479 1250 1541 III
1273 1499 1303 1562 p.
1319 1479 1384 1545 435
1398 1479 1537 1558 Haaselt
1564 1479 1610 1544 su-

383 1586 523 1670 gientem
550 1588 729 1651 memoriam
756 1583 964 1660 reducamus;
998 1590 1134 1664 utamur,
1163 1592 1199 1650 ut
1222 1584 1255 1649 in
1278 1584 1383 1670 prima
1405 1593 1500 1671 parte
1523 1584 1609 1651 dice·

301 1741 304 1746 A
382 1694 465 1776 bam,
494 1691 593 1758 animi
620 1691 802 1775 velocitate,
834 1691 993 1757 neminem
1028 1711 1048 1756 a
1077 1691 1171 1758 nobis
1194 1695 1326 1758 normam
1355 1693 1474 1758 abesse
1506 1692 1610 1778 patia-

382 1820 464 1884 mur,
501 1799 534 1864 in
571 1799 712 1864 animum
749 1797 887 1864 subinde
922 1804 1066 1864 nostrum
1106 1805 1325 1882 revertentem
1371 1799 1480 1864 lutura
1516 1799 1611 1866 nobis

382 1907 615 1992 promittamus,
638 1906 814 1991 praeterita
836 1913 1038 1990 repetamus:
1065 1907 1132 1984 ,sio
1155 1906 1211 1972 illo
1234 1926 1357 1992 manus,
1381 1907 1431 1973 sle
1450 1926 1509 1972 ora
1527 1905 1609 1974 sere-

382 2015 466 2081 11111.α
496 2016 597 2096 imopo
621 2012 795 2096 effingatur
818 2013 925 2078 animo
949 2013 1103 2079 notabilis
1127 2020 1159 2078 et
1182 2033 1201 2079 e
1223 2013 1298 2079 vivo
1321 2015 1433 2099 petita,
1457 2034 1521 2079 non
1535 2035 1610 2080 eva·

383 2119 461 2185 nida
485 2126 518 2185 et
541 2127 638 2187 muta.
666 2119 733 2200 ,sie
756 2119 812 2186 ille
834 2141 958 2197 manus,
990 2119 1038 2186 sie
1066 2140 1123 2185 orn
1150 2121 1311 2187 ferebat:¹‘
1344 2120 1525 2188 adiciamus
1555 2122 1610 2208 illi,

384 2246 467 2311 quae
491 2227 597 2310 magis
621 2225 663 2291 ad
687 2247 754 2292 rem
776 2227 951 2312 pertinent:
977 2227 1025 2293 sic
1048 2227 1249 2310 loquebatur,
1274 2228 1322 2294 sio
1338 2227 1538 2312 hortabatur,
1563 2231 1610 2295 sie

383 2333 577 2419 deterrebat,
601 2333 648 2399 sic
672 2340 741 2398 erat
768 2333 802 2399 in
829 2332 939 2399 dando
968 2334 1103 2400 consilio
1137 2333 1321 2420 expeditus,
1352 2336 1386 2399 in
1419 2336 1609 2422 acciplendo

384 2439 500 2526 facilis,
522 2441 555 2505 in
578 2439 733 2507 mutando
760 2462 823 2507 non
850 2442 1013 2526 pertinum
1048 2441 1096 2507 sio
1130 2442 1258 2508 solebat
1285 2441 1443 2508 beneficia
1475 2444 1612 2510 libenter

384 2547 471 2634 dare,
494 2548 654 2635 patienter
676 2547 825 2635 perdero;
849 2548 897 2618 sio
919 2549 1116 2635 properabat
1138 2548 1323 2632 benignitas
1347 2550 1425 2634 cius,
1456 2550 1504 2617 sio
1528 2551 1608 2618 iras·
1721 2568 1722 2577 ¹

384 2656 525 2740 cebatnr,
549 2675 587 2722 eo
610 2656 701 2721 vultu
720 2656 761 2721 ab
782 2656 886 2721 amieo
899 2656 1097 2740 vincebatur,
1118 2677 1180 2740 quo
1197 2656 1303 2724 solent
1316 2657 1459 2736 vincere;
1485 2667 1610 2725 ceteras

383 2763 519 2829 virtutes
542 2783 752 2849 perornamus,
776 2764 809 2828 in
832 2762 946 2828 harum
968 2783 1030 2829 usu
1054 2770 1258 2848 tractatuque
1281 2784 1452 2830 versemur.

473 2871 510 2936 T.
534 2871 616 2938 Ann.
639 2870 699 2935 XV
723 2872 775 2937 62.
801 2873 836 2935 8:
864 2870 1012 2954 rogitans
1036 2870 1089 2936 ubi
1117 2878 1293 2956 praecepta
1326 2872 1522 2957 sapientiae,
1556 2876 1609 2940 ubi
1721 2931 1722 2972 ,

384 2984 431 3043 tot
452 2998 510 3063 pet
533 2998 635 3043 annos
658 2980 804 3043 meditato
827 2982 907 3044 rolin
930 2982 1091 3043 adeersum
1113 2982 1321 3044 imminentia?

473 3085 506 3152 S.
531 3092 596 3151 nat.
619 3091 744 3168 quaest.
769 3086 813 3149 VI
837 3087 962 3151 3212:
986 3086 1056 3151 Hoc
1079 3084 1263 3169 adfigamus
1287 3087 1403 3171 anieno,
1431 3086 1493 3152 hoo
1515 3089 1610 3155 nobis

385 3189 521 3259 subinde
544 3190 704 3257 dicamus:
733 3191 949 3267 ,moriendum
972 3200 1032 3259 est.
1057 3192 1200 3278 quando,
1230 3194 1307 3278 quid
1335 3197 1413 3259 tua?
1444 3215 1532 3261 mors
1556 3215 1609 3260 na-

384 3307 476 3365 turae
498 3297 552 3365 Iex
576 3305 634 3383 est,
656 3318 743 3365 mors
766 3298 919 3365 tributum
943 3298 1149 3384 officiumque
1177 3302 1360 3366 mortalium
1389 3302 1610 3386 malorumque

384 3406 525 3472 omnium
548 3404 723 3470 remedIum
753 3412 815 3470 est:
851 3407 975 3491 optavit
997 3407 1087 3472 illam
1111 3407 1256 3492 quisquis
1284 3407 1406 3473 timet.“
1454 3406 1610 3475 Omnibus
1721 3497 1722 3506 ἵ

385 3512 513 3579 omissis
536 3511 597 3578 boo
621 3532 726 3592 unum,
751 3512 864 3593 Lucili,
889 3516 1046 3596 meditere,
1071 3534 1112 3579 ne
1134 3514 1247 3583 mortis
1271 3535 1386 3581 nomon
1409 3515 1606 3582 reformides.

385 3618 477 3686 ellico
500 3618 591 3684 illam
613 3618 671 3686 tibi
697 3619 893 3703 cogitatione
920 3622 1021 3686 multa
1048 3619 1255 3707 familiarem,
1289 3629 1337 3707 ut,
1369 3624 1396 3688 si
1424 3622 1472 3688 ita
1494 3622 1610 3708 tulerit,

384 3726 492 3813 possis
516 3724 563 3790 illi
587 3734 619 3792 et
642 3727 770 3792 obviam
795 3728 892 3797 exire.
936 3729 996 3813 Ep.
1021 3731 1051 3793 4.
1075 3731 1111 3795 5:
1146 3729 1216 3794 Hoc
1240 3727 1360 3796 cotidie
1381 3733 1544 3812 meditere,
1577 3737 1610 3795 ut

384 3834 491 3919 possis
515 3853 618 3917 aequo
642 3833 750 3899 animo
773 3835 874 3901 vitam
897 3834 1089 3919 relinquere.
1133 3836 1193 3921 Ep.
1219 3839 1270 3903 23.
1285 3839 1319 3904 4:
1353 3839 1495 3903 melitum
1522 3837 1609 3903 dolo·

384 3961 452 4006 rum
467 3939 666 4025 patientiam.
705 3942 765 4027 Ep.
790 3944 841 4009 26.
859 3944 895 4008 8:
922 3946 1094 4023 ,Meditare
1116 3950 1260 4029 mortem,
1283 3944 1344 4029 vel,
1369 3944 1396 4012 si
1411 3944 1610 4010 commodius

385 4048 436 4127 sit,
461 4048 599 4115 transire
622 4047 665 4112 ad
689 4046 817 4132 divos3“
855 4051 909 4116 10:
945 4052 1119 4130 ,Meditare
1152 4057 1313 4117 mortem.“
1347 4052 1403 4136 qni
1431 4051 1494 4117 boo
1521 4051 1610 4136 dicit,

383 4158 525 4220 merl-itum
547 4157 712 4221 libertatem
735 4156 832 4223 iubet.
858 4156 900 4223 de
922 4178 1012 4242 prov.
1034 4158 1079 4221 VI
1096 4159 1129 4222 7:
1155 4156 1323 4224 adtendite
1346 4158 1441 4224 modo
1466 4166 1500 4225 et
1521 4159 1608 4226 vide-

384 4262 474 4347 bitis,
511 4281 608 4345 quam
640 4262 749 4329 brevis
781 4262 823 4328 ad
857 4266 1024 4330 libertatem
1056 4270 1089 4329 et
1121 4284 1216 4349 quam
1245 4265 1399 4350 expedita
1426 4264 1526 4332 ducat
1547 4266 1609 4332 via.

385 4366 482 4455 (conl.
498 4369 536 4435 Τ.
551 4369 632 4434 Arm.
653 4370 710 4435 XV
728 4372 781 4437 64.
801 4373 854 4437 17:
878 4370 981 4437 libare
1006 4391 1042 4438 se
1066 4374 1124 4453 (so.
1149 4372 1321 4452 Senecam)
1345 4373 1501 4457 liquorem
1520 4374 1610 4440 illum

384 4476 453 4541 Iovi
477 4478 647 4559 liberatore
670 4475 751 4545 Anu.
777 4477 855 4541 XVI
879 4479 981 4566 eso:
1009 4478 1195 4565 ,libamus“,
1223 4480 1326 4563 inquit
1353 4479 1412 4567 (sc.
1436 4481 1608 4564 Thrasea).

387 4582 475 4662 ,Iovi
499 4586 699 4664 liborotom.“)
755 4585 814 4669 Ep.
849 4586 902 4653 36.
929 4588 963 4652 8:
998 4584 1086 4663 Quid
1114 4587 1188 4653 huic
1216 4607 1293 4671 ergo
1315 4592 1524 4654 orod'unrrdnm
1547 4596 1610 4657 est?

385 4688 470 4772 (prod
493 4692 639 4755 aduersus
666 4691 774 4755 omnia
801 4692 881 4778 tela,
911 4693 997 4776 quod
1029 4697 1176 4760 adversos
1208 4715 1303 4762 omne
1334 4696 1475 4763 bostium
1507 4716 1609 4781 genus
