3459 5200
964 388 1004 451 22

882 479 923 485 --.
955 476 1084 484 -—-—-.-

435 600 488 664 sed
509 598 595 679 [utro
619 598 654 663 in
676 595 809 663 Pontico
830 594 913 660 lrooou
930 612 1032 677 praeite
1053 594 1151 660 victor
1172 593 1332 679 deoperit:
1363 592 1505 657 Orientis
1528 598 1590 656 tro·

431 732 513 797 poco
527 715 658 777 ostentet
671 708 885 788 Antonius,
907 707 961 773 sed
975 706 1062 772 inter
1076 705 1247 792 Aegyptius
1270 706 1376 773 medos
1389 705 1474 791 regio
1488 726 1593 770 amore

437 823 589 906 diffluxit.
613 821 647 887 ht
661 828 739 888 moret
753 821 799 887 illi
812 819 989 903 tritomfotcs
1002 818 1067 883 oiri
1077 817 1218 885 delicatis
1231 818 1364 905 negotiis
1374 816 1593 902 frequent-ibus

436 935 585 1020 occropati,
600 955 731 1001 amoerto
744 933 874 1001 litorum
888 938 1109 1016 moriturque
1119 934 1224 1018 opimo
1237 940 1397 1000 sectantes.
1426 934 1476 999 tia
1485 938 1593 1018 petum

433 1047 599 1133 proximae
623 1045 735 1113 uelutis
761 1044 923 1130 conopico?
955 1067 1020 1112 ecce
1041 1046 1141 1113 Boios
1161 1046 1222 1112 stoi·
1243 1046 1449 1133 Anqustue
1473 1067 1495 1111 o
1520 1067 1591 1111 con-

440 1160 530 1225 tinuo
551 1158 635 1225 nturi
655 1157 797 1225 vindieat
825 1162 855 1223 et
875 1156 1005 1223 moliltcs
1032 1158 1189 1225 laminis
1215 1163 1360 1242 sumptim
1387 1157 1507 1224 loborat
1533 1158 1591 1223 im·

433 1272 536 1356 perii;
563 1270 747 1336 Tiberius
773 1270 811 1335 iu
833 1270 1019 1337 devorsoria
1039 1270 1222 1336 laudonem
1242 1275 1362 1337 notum
1383 1276 1414 1336 et
1432 1270 1593 1357 navigans

438 1385 608 1463 odoratum·
641 1382 738 1449 Pius
763 1382 827 1448 otio
852 1382 1005 1449 Cueetomo
1026 1382 1247 1467 percognitum·
1278 1383 1316 1449 io
1337 1382 1438 1468 Lycio
1459 1388 1490 1449 et
1510 1384 1591 1449 Acco

439 1496 543 1563 monio
564 1495 724 1562 remissior
749 1494 907 1560 Morcus
928 1494 1071 1561 creditur.

463 1611 554 1690 Quae
583 1610 625 1675 de
654 1610 811 1691 Scipione
845 1608 957 1687 tradit,
992 1610 1146 1675 hausisse
1173 1610 1304 1676 videtur
1331 1631 1372 1677 ex
1397 1611 1466 1676 Liv.
1489 1610 1593 1676 XXIX

258 1708 261 1712 ’
381 1724 472 1803 raro
500 1724 531 1807 (g
553 1724 573 1788 5
597 1726 676 1789 seu.
700 1722 800 1805 xum
835 1742 920 1806 quae
943 1722 984 1786 ue
1007 1721 1155 1801 riuulo,
1189 1742 1229 1787 ex
1253 1722 1361 1789 Taciti
1388 1742 1465 1787 ann.
1488 1724 1529 1788 rv
1550 1723 1591 1787 er

377 1838 408 1921 (ἕ
431 1838 450 1902 5
474 1840 554 1901 sect.
577 1836 702 1919 XXHl).

377 1976 500 2055 113,3:
544 1972 643 2038 bonite
676 1970 823 2051 Neruo,
862 1970 1064 2036 Troianus
1095 1976 1255 2051 strenuus,
1294 1969 1396 2037 Pius
1434 1970 1593 2051 tormonte,

443 2086 603 2151 Morcus
619 2084 736 2168 pleuros
757 2082 854 2165 officii
871 2083 1057 2166 mmpotilru
1077 2083 1182 2149 adiecti
1202 2089 1290 2165 stent,
1312 2106 1391 2167 orme
1406 2089 1482 2150 turm
1494 2104 1596 2148 mores

441 2197 518 2263 ulios
540 2195 734 2263 nesciebant:
769 2195 819 2261 otc
843 2195 880 2260 io
900 2196 993 2261 luente
1014 2202 1062 2262 est
1079 2202 1202 2263 notura
1218 2196 1389 2282 principie,
1409 2195 1455 2262 ihi
1470 2196 1596 2281 priscae

442 2330 562 2375 orionus
583 2307 733 2387 octotis.¹)

818 2725 951 2829 Caput
976 2725 1166 2808 alterum.

598 2917 649 2984 lle
672 2915 802 2985 sturno
825 2915 863 2984 ln
885 2915 1021 2983 litteris
1043 2914 1215 2984 &manle
1237 2914 1379 3000 positis.

951 3073 971 3155 g
992 3073 1023 3137 5.

469 3215 635 3294 Quoniam
660 3231 761 3296 supra
784 3211 938 3294 congessi
960 3211 1119 3295 quidquid
1143 3211 1184 3275 de
1200 3210 1390 3294 Symmachi
1413 3212 1601 3279 litterarum

385 3329 503 3395 studiis
521 3347 560 3390 ex
589 3326 694 3409 ipsius
717 3325 829 3389 verbis
858 3324 1032 3406 colligitur,
1066 3342 1156 3388 nunc
1185 3323 1420 3406 inquirendum
1450 3346 1525 3390 esse
1550 3327 1602 3390 vi·

385 3441 490 3518 detur,
525 3459 608 3521 quos
637 3438 851 3519 potissimum
882 3437 1062 3518 scriptores
1091 3435 1216 3516 legerit.
1261 3433 1369 3513 Quam
1398 3436 1440 3500 ad
1469 3457 1540 3502 rem
1571 3440 1600 3503 si

386 3555 466 3619 solis
490 3552 538 3616 eis
561 3551 644 3615 locis
674 3553 854 3626 uteremur,
888 3547 1008 3631 quihus
1037 3552 1209 3611 auctorem
1238 3568 1336 3613 suum
1363 3549 1516 3614 nominat
1543 3555 1603 3615 aut

385 3667 427 3732 ab
450 3666 558 3730 altero
582 3683 619 3726 se
640 3661 787 3744 pendere
812 3661 943 3739 latetur,
967 3678 1049 3724 sane
1065 3660 1202 3741 exiguus
1219 3663 1309 3724 esset
1324 3659 1461 3725 fructus.
1495 3661 1601 3726 Immo

387 3779 452 3844 alia
479 3773 699 3858 ingredienda
727 3777 779 3838 est
805 3775 868 3837 via.
912 3771 997 3836 Nam
1026 3773 1108 3837 satis
1138 3775 1271 3836 constat
1297 3791 1372 3836 eum
1396 3793 1494 3856 saepe
1517 3774 1602 3839 alies

387 3897 457 3957 tum
492 3889 549 3955 illa
581 3891 691 3952 aetate
725 3885 829 3950 sterili
860 3889 893 3950 et
918 3885 1049 3966 magnis
1078 3885 1221 3966 ingeniis
1256 3889 1389 3951 carente
1421 3885 1603 3967 plurimum

387 4003 531 4070 valuisse
554 3999 644 4082 apud
667 3999 848 4081 scriptores
871 3998 1044 4063 Romanos
1068 3995 1331 4081 imitationem.¹)

478 4245 495 4313 1)
514 4245 618 4298 Eadem
637 4249 679 4296 est
691 4231 835 4296 ¹sententia
848 4241 967 4309 corrupti
987 4239 1042 4293 loci
1053 4240 1089 4294 Vl
1101 4241 1172 4304 67,2;
1192 4239 1310 4293 similem
1328 4240 1481 4308 principum
1493 4256 1605 4294 enume-

389 4335 523 4390 rationem
542 4332 628 4386 habes
648 4347 745 4400 paneg.
763 4329 813 4382 llll
831 4347 856 4397 p.
876 4329 978 4391 tetra.

475 4419 497 4490 ¹)
516 4419 631 4488 Egregie
659 4418 823 4478 Reatinam,
850 4416 1109 4470 Rhetorensehulen
1129 4456 1135 4469 .
1154 4455 1161 4468 .
1180 4455 1212 4470 ..
1240 4416 1268 4468 in
1287 4415 1395 4470 Gallien
1414 4456 1446 4469 ..
1473 4415 1607 4483 (Raumer

391 4511 454 4564 hist.
474 4507 629 4562 Taschenb.
651 4505 726 4574 1869)
752 4522 777 4572 p.
799 4504 842 4556 16:
871 4503 928 4566 „sie
951 4502 1048 4572 hutten
1071 4502 1232 4561 schliessliclr
1253 4519 1284 4555 so
1303 4502 1452 4556 unendlieh
1469 4502 1523 4556 riel
1542 4520 1607 4557 aus·

390 4596 498 4663 rrendig
517 4595 631 4662 gelemt.
659 4595 711 4651 dat
734 4591 773 4645 sie
798 4590 878 4644 einen
897 4589 1046 4643 Gerlanlreu
1070 4591 1152 4644 lraum
1170 4590 1237 4644 halb
1256 4589 1392 4657 ergritlem
1415 4590 1468 4647 dall
1491 4588 1535 4642 ein
1554 4590 1608 4644 Ge·

390 4684 450 4738 lltlrl
470 4683 529 4736 sich
542 4682 624 4736 laum
643 4681 711 4736 leise
730 4685 805 4748 regle
824 4707 856 4717 -
876 4678 933 4730 und
952 4676 1042 4744 gleich
1061 4678 1097 4730 ist
1116 4677 1159 4731 ein
1173 4678 1244 4732 Citat
1262 4677 1416 4740 molinum
1439 4676 1530 4730 lloraz
1549 4678 1611 4738 ltsst

391 4771 431 4828 sie
444 4770 521 4824 nicht
533 4768 701 4832 ausdenlren‚
721 4768 760 4822 sie
780 4767 884 4829 l'tthlen,
903 4765 955 4819 wie
967 4765 1059 4836 Vergil
1071 4766 1212 4822 befiehlt“.
1239 4767 1321 4833 Quod
1340 4782 1401 4820 cum
1418 4765 1506 4834 magis
1525 4767 1611 4824 eadat
