3459 5200
972 411 1015 474 64

470 605 506 667 Τ.
520 604 600 668 Anu.
613 603 693 667 XIII
704 605 755 668 32.
769 605 816 668 10.
837 602 869 666 S.
879 602 921 666 ad
937 603 1037 700 Marc
1045 603 1086 668 de
1101 604 1247 669 consoli
1258 606 1294 670 5:
1312 609 1456 669 33311333
1471 608 1609 669 tristitia.

470 747 505 811 T.
533 745 613 812 Anu.
642 746 721 810 XIII
750 747 854 812 348:
889 747 1036 828 quamvis
1063 767 1122 831 per
1149 747 1258 812 luxum
1287 747 1394 813 avitas
1423 770 1495 832 opes
1522 751 1611 812 diesi-

378 861 514 938 pascent.
1430 925 1434 933 ,

471 960 504 1025 S.
528 959 568 1026 de
592 960 678 1024 brev.
697 959 756 1023 'vit
781 959 794 1022 l
818 961 854 1024 4:
879 959 1009 1044 amplae
1032 966 1065 1025 et
1087 959 1199 1043 regiae
1222 983 1303 1044 apes,
1336 961 1389 1026 ubi
1418 961 1461 1026 ad
1488 961 1610 1026 malum

382 1066 545 1132 domiuum
568 1073 790 1152 pervenerunt,
813 1072 974 1131 momento
997 1069 1196 1151 ‹liseipcatam

472 1194 508 1258 T.
536 1193 616 1257 1133.
644 1190 724 1255 XIII
747 1193 798 1256 47.
826 1195 857 1256 1:
893 1191 1059 1257 Hactenus
1088 1193 1174 1258 Nero
1207 1191 1341 1277 flagitiis
1370 1201 1404 1258 et
1431 1193 1612 1259 sceleribus

383 1305 549 1366 3313313313
572 1302 727 1384 quaesiuit.

384 1514 515 1597 aliquod
545 1535 583 1578 ac
611 1517 822 1580 uelamentum.
862 1512 903 1577 de
931 1513 980 1577 ira
1005 1513 1035 1577 II
1062 1515 1169 1579 13.1:
1202 1515 1275 1580 Non
1308 1522 1358 1580 est
1390 1513 1475 1597 qnod
1502 1523 1612 1600 patrc-

385 1622 503 1687 ciuium
535 1620 629 1686 nobis
661 1643 845 1704 parceremus
879 1627 911 1686 et
940 1627 1128 1686 excusatam
1151 1621 1329 1706 licentiam,
1442 1622 1493 1688 cui
1526 1623 1611 1687 enirn

293 1806 295 1810 ¹
384 1729 514 1795 tandem
539 1728 617 1793 vitio
642 1726 821 1793 advocatus
850 1726 976 1792 defuit?
1001 1727 1041 1792 de
1065 1728 1168 1793 benet.
1192 1727 1253 1793 VII
1276 1731 1328 1796 30.
1344 1735 1378 1794 2;
1403 1737 1438 1794 ut
1552 1751 1609 1814 pa-

386 1837 553 1903 trocinium
578 1835 640 1901 sibi
664 1842 775 1901 nostra
799 1834 933 1899 infamia
955 1843 1092 1918 31133131.
1123 1835 1181 1919 Ep.
1207 1839 1259 1900 21.
1273 1838 1309 1901 9:
1334 1835 1388 1919 qui
1411 1839 1611 1901 velamentum

384 1945 474 2030 ipsos
497 1943 646 2008 vitiorum
676 1962 802 2007 sucrum
827 1942 994 2007 habituros
1018 1929 1212 2008 3113113331.
1241 1941 1322 2007 3331.
1350 1943 1380 2009 S.
1408 1943 1466 2028 Ep.
1494 1947 1566 2010 116.
1591 1947 1611 2010 2

385 2059 418 2118 31
440 2051 472 2116 S.
501 2049 586 2136 apud
617 2050 764 2115 Lactant.
798 2049 897 2114 instit.
926 2048 973 2112 III
1004 2051 1053 2116 15.
1073 2053 1210 2116 11-14.
1239 2047 1379 2135 (Seneca
1406 2049 1453 2114 llI
1480 2073 1511 2136 p.
1537 2053 1612 2116 422.

389 2162 427 2224 18
453 2159 586 2240 Haase).

474 2284 510 2347 T.
526 2285 605 2348 Anu.
622 2281 701 2346 XIII
717 2284 769 2348 57.
783 2285 817 2349 6:
843 2281 944 2347 salem
960 2281 1137 2366 prevenire,
1161 2301 1224 2346 uon
1240 2286 1274 2345 ut
1289 2281 1372 2346 alias
1388 2281 1476 2366 apud
1497 2289 1612 2365 gentes

387 2389 491 2456 eluvIe
515 2391 613 2454 133113
638 2395 806 2455 arescente
829 2388 926 2472 nuda,
944 2387 1002 2453 sed
1026 2408 1123 2472 super
1146 2387 1313 2453 ardentem
1328 2389 1477 2454 arborum
1492 2397 1613 2456 struem

388 2499 460 2564 lusa
485 2518 523 2562 ex
548 2499 711 2561 centrariis
734 2499 813 2560 icta·
836 2519 868 2561 33
891 2498 1051 2580 clauseritis,
1080 2499 1149 2582 ipae
1176 2504 1266 2580 atque
1293 2500 1390 2580 331113,
1420 2504 1613 2562 3333131331

475 2606 507 2673 S.
528 2611 597 2670 331,
619 2611 743 2687 quaest
767 2605 828 2669 VII
853 2606 905 2670 27.
929 2608 964 2669 4:
993 2604 1065 2670 Non
1093 2602 1196 2689 vides,
1223 2625 1319 2687 quam
1348 2608 1506 2670 (33113113
1533 2610 1614 2669 iata

385 2716 585 2779 scelerarem
609 2712 695 2776 31317
720 2710 835 2794 gravia
859 2718 891 2775 et
913 2709 1000 2775 levia
1024 2718 1107 2797 sunt,
1135 2710 1256 2795 frigida
1280 2718 1313 2777 31
1336 2711 1454 2795 calida,
1477 2711 1612 2777 humida

387 2827 419 2886 et
433 2820 530 2886 aleca.
555 2818 596 2884 de
620 2818 685 2882 etie
701 2818 730 2883 V
746 2821 780 2884 6:
808 2816 908 2897 „illud
930 2870 981 2885 ...
1004 2825 1135 2902 scrutor,
1157 2870 1208 2886 ...
1231 2826 1335 2884 utrum
1349 2822 1506 2884 contrariu
1528 2824 1612 2886 inter

386 2926 665 3009 333133133133131,
689 2946 731 2989 an
754 2945 817 2989 uon
841 2932 986 3010 pugnent
1009 2925 1067 2990 sed
1091 2945 1150 3010 per
1165 2924 1296 2991 diversa
1310 2928 1524 3011 conspirent.“
1548 2932 1614 2991 nat

387 3040 512 3119 quaest.
535 3034 566 3097 II
582 3036 633 3099 26.
649 3036 743 3116 2331
768 3032 900 3115 quidam
920 3040 1122 3115 negaverunt
1139 3032 1172 3095 in
1195 3036 1294 3115 19333
1317 3033 1489 3116 quicquam
1512 3053 1614 3117 pesse

386 3142 512 3226 mutari,
540 3140 726 3226 priusquam
755 3147 911 3205 mutatum
941 3146 1028 3205 esset
1055 3139 1087 3203 13
1116 3162 1238 3224 aquam
1267 3146 1375 3225 potest
1403 3160 1481 3223 ergo
1510 3141 1613 3207 nubes

388 3248 488 3333 salva,
517 3268 612 3332 quam
637 3248 794 3331 eontinet,
822 3249 1029 3331 speusippum
1056 3255 1148 3332 parte
1176 3246 1287 3330 aliqua
1320 3247 1368 3313 sui
1401 3246 1547 3332 reddere,
1579 3256 1616 3313 ut

391 3375 489 3440 saepe
513 3356 579 3419 alla
602 3373 679 3440 pars
703 3352 782 3435 ligni
807 3352 913 3436 ardet,
942 3353 1009 3417 alia
1032 3353 1136 3420 sudat.
1182 3375 1242 3420 nec
1266 3354 1326 3419 hoc
1350 3354 1431 3438 dico,
1454 3375 1518 3420 ncn
1545 3378 1615 3420 erm-

389 3466 487 3527 1131111
510 3466 644 3526 1313133
667 3461 731 3525 ista
755 3480 828 3525 esse
853 3466 886 3525 et
909 3460 1044 3524 alterum
1068 3461 1170 3527 altem
1195 3462 1318 3547 perImi‚
1342 3461 1401 3527 sed
1425 3462 1479 3527 ubi
1503 3462 1614 3527 valeu-

388 3570 450 3634 tior
473 3570 558 3653 ignis
583 3589 679 3651 quam
701 3567 814 3633 humor
838 3573 895 3652 331,
918 3567 1026 3633 vincit.

478 3696 515 3759 T.
539 3695 618 3759 Ann.
642 3692 719 3757 XIV
743 3695 772 3759 9.
798 3696 832 3757 6:
861 3692 946 3757 viam
974 3692 1089 3757 Miseni
1118 3699 1249 3777 propter
1277 3699 1309 3759 31
1334 3695 1437 3759 villam
1460 3692 1615 3760 Caesaris

389 3802 566 3885 dictatoris,
591 3820 674 3884 quae
697 3801 845 3864 3311133133
868 3800 958 3865 31333
982 3803 1149 3865 3111133133
1173 3806 1368 3885 prospectat.

478 3909 508 3974 S.
531 3908 590 3993 Ep.
613 3909 665 3973 51.
693 3912 748 3972 ll:
779 3907 814 3974 O.
844 3906 966 3972 Marius
994 3914 1027 3972 31
1055 3905 1110 3971 Cu.
1139 3907 1312 3992 Pompeius
1345 3913 1377 3971 et
1405 3906 1528 3972 Caesar
1561 3929 1614 3973 ex-

390 4022 573 4085 struxerunt
596 4013 724 4098 quidem
747 4016 834 4079 311133
857 4014 891 4078 13
914 4014 1046 4097 regione
1066 4014 1200 4100 Baiana,
1224 4013 1282 4081 sed
1305 4012 1380 4079 illas
1403 4014 1615 4099 inposuerunt

391 4123 522 4190 summis
553 4122 638 4206 iugis
667 4122 829 4186 montium.
861 4120 1032 4186 videbatur
1061 4120 1121 4186 hcc
1148 4122 1255 4204 magis
1282 4122 1435 4206 militare,
1466 4141 1506 4187 ex
1535 4125 1614 4186 31113

391 4231 551 4317 speculari
575 4230 641 4295 late
665 4229 825 4313 longeque
848 4230 989 4293 31113113.

479 4358 515 4421 T.
539 4356 620 4421 Anu.
643 4355 718 4420 XIV
747 4357 866 4420 11.10:
893 4351 978 4435 quod
1002 4353 1166 4418 fortuitum
1192 4354 1301 4438 luisse,
1324 4354 1397 4437 quis
1421 4353 1504 4421 adeo
1527 4356 1616 4419 debes

389 4464 585 4530 inveniretur
607 4472 641 4527 ct
663 4464 815 4527 ererleret?

480 4571 512 4636 S.
535 4577 601 4635 331.
624 4576 748 4651 quaest.
772 4568 803 4631 II
826 4570 879 4635 42.
899 4570 934 4632 2:
959 4587 1023 4631 non
1047 4568 1197 4633 exlatimc
1220 4574 1287 4633 1313
1309 4570 1425 4633 deletes
1448 4567 1560 4651 fuisse,
1582 4578 1616 4634 at

390 4682 556 4743 crederetui.
