3459 5200
287 690 331 757 Ut
355 688 469 755 duales
488 690 608 755 formas
622 688 815 757 Aristoteles
838 689 1027 776 plerumque
1050 711 1122 757 cnm
1145 694 1222 757 δυοῖν
1246 699 1279 758 et
1302 690 1423 780 ἀμφοῖν,

198 798 245 863 ita
268 800 345 863 δυοῖν
369 805 402 863 et
426 796 533 885 ἀμφοῖν
556 795 755 883 plerumque,
779 796 925 863 sednon
949 804 1114 883 perpetuo,
1142 818 1214 864 cum
1237 797 1327 864 duali
1350 818 1424 865 con·

198 902 309 971 iunxit
359 904 443 971 Nam
477 904 539 971 etsi
570 924 677 990 panca
710 910 785 971 sunt
811 903 961 990 exempla
988 907 1065 971 δυοῖν
1098 924 1172 971 cum
1199 904 1318 992 plurali
1349 926 1423 971 con·

201 1011 315 1096 iuncti,
348 1010 446 1097 paulo
473 1010 568 1098 plura
596 1010 717 1100 ἀμφοῖν,
748 1018 858 1079 tamen
880 1011 1098 1095 frequentiora
1121 1020 1195 1080 sunt
1218 1033 1314 1097 quam
1335 1012 1424 1098 apud

198 1117 377 1184 Platonem.
428 1116 524 1195 Quod
552 1138 633 1185 vero·
661 1118 769 1208 ἀμφοῖν
803 1120 936 1205 saepius
968 1138 1040 1185 cnm
1071 1118 1189 1205 plurali
1219 1120 1424 1205 coniungitur

198 1245 295 1309 qnam
330 1228 425 1302 δυοῖν,
461 1225 682 1292 coniciendum
719 1246 783 1292 non
820 1234 871 1293 est
903 1225 1012 1315 ἀμφοῖν
1043 1227 1165 1294 formae
1195 1228 1261 1293 vim
1294 1226 1423 1295 dualem

198 1333 350 1399 minorem
396 1332 531 1399 infuisse
577 1354 673 1425 quam
719 1336 808 1399 δυοῖν.
869 1332 969 1400 Immo
1015 1334 1119 1400 maior
1163 1334 1276 1401 inerat
1338 1336 1423 1402 Nam

197 1440 288 1530 ἄμφω
314 1439 520 1525 vocabulum,
549 1460 612 1523 quo
641 1438 726 1507 duaa
755 1440 825 1507 sive
851 1460 1012 1526 personae
1042 1441 1113 1508 sive
1139 1462 1193 1508 res
1222 1442 1316 1525 quasi
1339 1443 1423 1508 inter

199 1569 235 1615 se
267 1547 458 1615 coniunctae
489 1546 880 1634 comprehenduntur,
911 1549 1046 1635 propius
1077 1548 1207 1615 accedit
1239 1548 1283 1615 ad
1315 1548 1422 1615 dualis

197 1656 262 1721 vim
293 1654 477 1740 genuinam,
509 1674 605 1739 qnam
633 1656 695 1731 δυο,
728 1675 791 1739 qno
820 1676 874 1723 res
901 1661 1024 1721 tantum
1053 1664 1310 1725 numerantur.
1356 1655 1422 1723 Sed

198 1764 309 1852 ἀμφοῖν
333 1762 521 1848 plerumque
544 1762 757 1848 postponitur.
795 1761 940 1829 Facilius
963 1770 1072 1829 autem
1095 1762 1163 1830 iere
1183 1764 1228 1850 fit,
1251 1772 1286 1830 ut
1300 1764 1423 1831 formae

197 1890 282 1955 quae
314 1868 511 1936 antecedunt
542 1868 707 1935 attrahant
739 1876 921 1956 sequentes,
950 1890 1046 1954 quarn
1076 1871 1281 1938 contrarium.
1327 1870 1422 1938 Unde

198 1976 322 2062 evenit,
346 1982 382 2043 ut
405 1976 523 2066 ἀμφοῖν,
553 1976 616 2043 etsi
639 1964 824 2063 διῖκὼτεμον,
848 1984 885 2042 nt
907 1977 955 2043 ita
977 1976 1092 2063 dicam,
1120 1986 1191 2044 arat
1214 1998 1311 2062 quam
1334 1981 1421 2056 δυοῖν,

199 2086 331 2172 saepius
355 2104 428 2150 curn
450 2083 568 2171 plurali
592 2084 846 2169 coniungeretnr.

286 2209 357 2288 Quo
380 2209 486 2275 miuus
509 2208 682 2277 discrimen
705 2209 789 2278 inter
811 2209 912 2275 attici
935 2210 1092 2303 sermonis
1119 2231 1212 2277 nsum
1228 2217 1277 2303 'et
1298 2210 1421 2277 Aristo-

196 2318 271 2385 telis
294 2316 493 2384 intercedere
515 2316 642 2383 videtur
665 2317 698 2382 in
721 2320 796 2383 δυοῖν
818 2336 892 2383 oum
913 2318 1097 2384 nominibus
1121 2316 1356 2404 coniungendo,
1381 2339 1420 2385 eo

195 2425 300 2491 maius
332 2425 365 2490 in
393 2427 444 2490 δὺο
472 2423 667 2491 declinando
695 2424 809 2490 elucet.
856 2425 940 2492 Nam
968 2426 1043 2490 δυεῖν
1071 2432 1103 2492 et
1125 2426 1193 2491 δυσί
1216 2423 1327 2492 formis
1349 2446 1421 2511 per·

196 2551 296 2618 saepe
323 2552 402 2599 usus
430 2538 492 2612 est,
522 2551 606 2617 quae
636 2530 810 2599 abhorrent
837 2532 879 2598 ab
906 2531 1005 2598 Attici
1033 2533 1190 2600 sermonis
1223 2532 1419 2599 sinceritate.

199 2639 315 2706 Dualis
338 2647 448 2706 autern
471 2639 599 2705 omnino
622 2646 689 2705 tam
716 2638 902 2724 infrequens
930 2647 994 2726 est,
1023 2647 1059 2705 nt
1087 2660 1158 2706 oum
1186 2640 1421 2707 Platonisnec

195 2911 255 2966 loco
278 2908 369 2965 verbis
391 2915 464 2960 πᾶσιν
486 2905 553 2969 ὅσοις
572 2905 678 2978 ὑπάρχει
695 2906 716 2979 ἡ
733 2908 800 2960 κατὰ
817 2906 891 2959 τόπον
909 2906 1042 2979 μεταβολὴ
1059 2913 1111 2960 τοῖν
1130 2905 1229 2960 σκελοῖν
1250 2926 1307 2964 non
1330 2908 1364 2964 de
1381 2909 1421 2964 eis

195 2999 291 3070 agitur
316 2998 491 3064 animalibus,
520 3015 592 3066 quse
619 2998 725 3053 dnobus
748 2997 885 3064 cruribus,
909 2998 958 3054 sed
979 2999 1013 3053 de
1037 2999 1172 3064 omnibus,
1201 3015 1272 3067 quae
1294 2999 1420 3054 cruribus

194 3091 351 3154 mouentum
370 3105 426 3142 non
445 3083 533 3139 δίποδα
551 3105 569 3142 a
585 3085 735 3157 τοτμάτοσιν,
754 3087 803 3142 sed
818 3083 929 3138 ὑπόποδα
943 3089 979 3143 ab
992 3084 1080 3138 ἄποοιν
1094 3087 1295 3143 discernuntur.
1324 3087 1420 3144 Verte·

195 3197 255 3236 urus
273 3177 363 3251 igitur
380 3178 455 3232 hunc
473 3177 563 3232 locum
581 3194 651 3232 non:
672 3194 751 3245 ‚quac
764 3193 875 3232 crurum
888 3177 950 3247 pari
964 3177 1119 3232 moventur‘
1137 3177 1196 3232 sed:
1216 3195 1297 3247 ,quae
1310 3195 1420 3233 crurum

194 3269 310 3341 paribus
329 3269 490 3322 movantur¹.
527 3267 644 3322 Dnalem
663 3269 758 3322 autem
776 3265 810 3322 ds
828 3267 892 3338 plns
910 3284 966 3323 nno
979 3267 1043 3338 pari
1056 3269 1241 3322 membrorum
1254 3271 1420 3339 usurpatum

195 3377 257 3415 raro
275 3357 395 3427 quidem,
414 3356 461 3412 sed
479 3357 536 3411 iam
554 3356 629 3428 apud
649 3356 798 3411 Homerum
815 3355 982 3420 invenimus,
1000 3360 1032 3412 nt
1050 3357 1083 3412 11.
1101 3357 1127 3422 9,
1146 3357 1200 3412 503

441 3445 485 3498 καῖ
507 3445 556 3517 Ιροίμ
578 3463 604 3497 ττ
626 3442 693 3498 λιταί
711 3442 757 3497 οῖσι
775 3443 833 3508 Διὸς
850 3450 940 3516 κοῦφαι
957 3443 1087 3516 μιχάλοιο,

442 3532 528 3606 χωλαί
545 3553 572 3587 το
591 3533 662 3606 ῥυσαί
679 3552 706 3587 τι
724 3531 891 3606 παραβλῶπές
909 3533 932 3587 τ’
950 3532 1087 3606 ὀφθαλμώ.

302 3627 345 3692 10,
365 3625 416 3681 187
440 3621 475 3686 ὥς
493 3631 542 3676 τῶν
560 3622 670 3696 νήδυμος
689 3621 762 3686 ὕπνος
781 3621 830 3675 ἀπὸ
848 3622 990 3695 βλιφάμοιιν
1008 3621 1100 3676 tiolo

444 3711 520 3766 κἰκτα
537 3712 743 3784 φολασοομὸνοιοι
760 3711 853 3786 κακήν,

195 3807 242 3863 nbi
261 3824 317 3861 non
336 3804 370 3860 dc
389 3804 479 3869 nnius,
497 3803 544 3859 sed
563 3803 598 3860 de
616 3803 768 3860 multorum
786 3803 906 3874 geminis
924 3803 1010 3859 oculis
1028 3803 1115 3858 verba
1132 3804 1202 3859 facit
1219 3807 1311 3875 poeta,

283 3894 459 3960 0u11,210
481 3889 546 3963 ὄφρα
564 3892 607 3945 καῖ
626 3889 660 3944 clv
676 3889 769 3944 Ἀίδαο
787 3889 863 3964 φίλας
881 3892 935 3963 impl
953 3897 1022 3963 χιῖρι
1041 3888 1146 3960 βαλόντι

478 3980 609 4054 ἀμφοτέρω
627 3986 740 4053 κρυεροῖο
758 3980 959 4052 τεταρπώμεσθα
976 3981 1054 4052 χὸοιο,

195 4092 250 4144 (μιο
268 4074 328 4129 Ιοοο
347 4071 443 4129 Ulixes
461 4071 495 4127 de
513 4072 602 4144 ipsius
621 4076 650 4128 et
666 4070 765 4127 matris
783 4090 917 4128 manuum
935 4071 1050 4144 paribus
1068 4071 1201 4140 loquitur,

302 4164 345 4229 21,
363 4162 417 4216 223
439 4158 529 4212 κλαῖον
553 4159 622 4228 (scil.
641 4163 779 4218 Eumaeus
797 4164 826 4217 ct
844 4161 1009 4229 Philoetius)
1031 4157 1073 4231 ἄρ’
1091 4157 1156 4231 ἀμφ’
1179 4157 1283 4231 Ὀδυσῆι
1306 4158 1419 4230 δαΐφρονι

993 4254 1062 4320 χοῖρε
1080 4246 1192 4318 βαλόντι.

283 4341 382 4409 Neque
400 4340 500 4396 dmuut
518 4339 570 4394 loci
590 4340 664 4410 apnd
683 4339 752 4395 alios
770 4339 927 4410 scriptores,
950 4343 983 4394 nt
1005 4339 1152 4411 Euripides
1175 4341 1206 4395 in
1223 4339 1317 4411 Iphig.
1336 4340 1418 4395 Taur.

196 4431 265 4487 1318
284 4430 318 4486 de
336 4428 432 4484 Oreste
451 4432 480 4484 et
498 4428 602 4498 Pylade
621 4428 705 4483 dixit:

318 4515 394 4570 κεῖνοί
411 4534 438 4569 τι
455 4519 506 4588 γὰρ
525 4515 625 4588 σίδηρον
643 4513 689 4568 oda
707 4509 775 4586 εἶχον
794 4521 880 4588 χεροῖν
894 4515 900 4584 Ι
915 4515 991 4588 ἡμοῖς
1009 4535 1044 4578 τε,

193 4613 222 4666 ct
238 4609 319 4665 Plato
333 4608 447 4663 Theaet.
468 4607 547 4662 1551]
565 4604 611 4658 τῑσὶ
630 4603 655 4658 δὲ
674 4599 740 4658 οὗτοι
757 4603 781 4657 οἱ
800 4603 869 4658 οὐδὲν
887 4603 952 4658 ἄλλο
971 4603 1078 4677 οῐὸμτνοι
1096 4599 1158 4657 sim
1176 4598 1241 4678 ἢοῦ
1255 4605 1286 4658 ἂν
1300 4603 1419 4659 δύνωνται

193 4697 266 4770 ἀπρὶξ
289 4703 342 4750 τοῖν
361 4701 445 4768 χεροῖν
463 4694 589 4764 lupicino
615 4700 644 4753 el
662 4697 846 4766 Pseudoplalo
870 4697 959 4752 Erunt.
982 4697 1059 4751 132ss
1082 4692 1191 4757 κύκλους
1213 4697 1263 4767 γὰρ
1281 4696 1417 4768 χράφοντις

193 4787 345 4860 ἀφαινέοθην
363 4785 406 4838 καὶ
425 4783 546 4856 ἐγκλίσεις
564 4787 632 4849 τινὰς
651 4783 781 4856 ἐμιμοῦντο
798 4790 850 4837 τοῖν
869 4790 954 4856 χεροῖν
972 4782 1118 4856 ἀχκλίνοντι.

1240 4876 1259 4930 4
