3459 5200
660 563 702 626 39

119 771 258 849 carmina,
288 771 386 854 quale
418 775 468 835 est
494 769 615 834 Philici
645 769 726 834 illud
748 769 857 852 Heph.
884 790 917 851 p.
934 751 990 846 '31‚
1014 773 1056 834 30
1077 769 1269 848 excitatum,

117 877 148 942 ab
178 874 428 957 Hephaestione
462 892 531 937 non
565 877 786 940 annumerata
820 893 896 938 esse
925 874 1131 940 carminibus
1160 879 1267 957 syste-

114 967 239 1056 maticis,
263 978 324 1042 sed
346 975 550 1042 carminibus
574 975 656 1040 κατὰ
680 974 795 1060 στίχον.
833 975 919 1040 Nam
939 981 976 1040 ut
998 976 1042 1058 (p.
1059 977 1100 1041 lll
1115 979 1144 1041 8.
1167 979 1267 1059 1113)

114 1101 234 1148 armen
255 1078 276 1165 ἡ
298 1088 371 1157 παῖς
392 1073 413 1164 ἡ
436 1075 661 1155 κατάκλειστος
683 1077 761 1160 κτλ,
786 1079 880 1144 cuius
903 1080 1026 1162 singuli
1054 1100 1172 1146 versus
1196 1101 1266 1146 non

112 1191 178 1252 sunt
209 1185 308 1250 stiohi
341 1183 401 1250 sed
435 1187 616 1258 commata,
651 1183 857 1264 Hephaestio
892 1182 1065 1249 dimensus
1094 1189 1146 1248 est
1181 1182 1264 1247 κατὰ

111 1290 214 1373 στίχον,
238 1289 284 1353 ita
306 1289 371 1354 hoo
394 1307 526 1370 quoque
550 1307 696 1364 carmen,
720 1287 783 1351 etsi
807 1286 929 1369 singuli
952 1287 1023 1353 eius
1046 1307 1163 1352 versus
1179 1288 1267 1352 ultra

111 1393 281 1475 legitimum
310 1391 408 1456 metri
437 1394 575 1454 modum
607 1389 925 1472 progrediebantur,
954 1391 1027 1455 sine
1055 1391 1155 1456 dubio
1184 1388 1268 1455 κατὰ

109 1497 204 1580 στίχον
220 1493 399 1560 distribuit.
439 1492 617 1576 Proprium
640 1493 729 1558 eninr
749 1493 944 1572 stichorum,
967 1515 1051 1577 quos
1068 1515 1137 1560 non
1153 1493 1267 1558 metri·

111 1601 152 1664 cis
165 1597 350 1664 rationibus
363 1596 487 1674 deberi,
500 1597 561 1660 sed
578 1617 598 1661 a
617 1596 801 1680 scripturae
813 1616 936 1679 genere
947 1597 1111 1680 originem
1123 1599 1268 1666 traxisse

107 1703 165 1768 iam
187 1701 311 1766 dudum
335 1699 504 1782 cognitum
527 1700 617 1782 eso),
641 1719 710 1765 non
726 1705 795 1765 tarn
813 1705 904 1765 certa
919 1701 1149 1783 magnitudine
1166 1722 1267 1785 quam

105 1806 254 1872 continua
276 1802 476 1886 repetitione
500 1802 649 1868 efficitur.
692 1803 802 1886 Atque
825 1804 981 1887 equidem
1002 1808 1142 1886 propter
1159 1806 1264 1872 schol.

103 1910 203 1992 Heph.
227 1907 244 1994 β
266 1929 298 1991 p.
322 1908 371 1984 10,
395 1907 434 1970 19
457 1903 556 1970 ἰστέον
578 1925 615 1990 γε
638 1903 699 1991 μὴν
721 1899 763 1983 ὡς
784 1907 875 1970 τοῦτο
898 1905 933 1971 τὸ
954 1905 1162 1993 πεντάμετρον
1185 1905 1264 1972 onni-

105 2011 161 2078 νιόν
189 2011 253 2074 ἐστι
274 2009 325 2074 διὰ
347 2008 382 2073 τὸ
405 2009 448 2093 μὴ
474 2007 645 2095 βούλεσθαι
673 2007 725 2074 τὸν
746 2009 858 2096 ἴαμβον
879 2010 973 2095 Gal>
994 2009 1089 2076 πλέον
1111 2011 1172 2075 τῶν
1193 2009 1220 2074 λ’
1243 2009 1265 2095 ἢ

100 2117 155 2180 τῶν
186 2111 231 2200 λβ’
265 2110 385 2199 χρόνων
418 2111 572 2189 αὔξεσθαι
598 2132 666 2177 non
695 2114 829 2196 dubito,
864 2113 944 2196 quin
978 2115 1079 2179 etiarn
1113 2115 1263 2197 singulos

100 2217 288 2286 huiusmodi
323 2216 509 2281 carminum
545 2235 660 2281 versus
693 2217 900 2299 Hephaestio
935 2217 1060 2302 στίχους
1084 2219 1262 2282 vocaverit

99 2325 131 2390 Si
154 2321 326 2404 longiores
349 2324 445 2385 erant
468 2339 595 2397 versus,
625 2340 724 2401 quam
753 2324 790 2384 ut
818 2320 896 2386 huic
923 2322 1047 2386 rationi
1074 2320 1180 2386 subici
1203 2342 1264 2403 po·

97 2426 228 2503 luerint,
254 2424 334 2489 illud
357 2427 468 2488 ortum
492 2428 544 2487 est
566 2423 752 2488 carminum
781 2445 902 2506 geum,
932 2425 1022 2507 quod
1050 2426 1085 2488 in
1114 2426 1263 2490 carmine

97 2529 228 2594 Alcaico
253 2527 309 2613 ἔμε
338 2525 442 2590 aanor
469 2524 537 2590 κτλ.
571 2547 612 2590 ex
647 2530 803 2610 quattuor
837 2528 1003 2593 denorum
1029 2530 1153 2611 pedum
1183 2549 1264 2593 con-

94 2632 319 2714 iugationibus
361 2633 539 2695 constante
572 2631 779 2713 Hephaestio
813 2653 844 2713 p.
875 2633 946 2697 XIV
975 2636 995 2697 l
1029 2654 1102 2715 sqq.
1136 2634 1262 2699 statuit.

93 2737 157 2801 Pro
193 2733 333 2815 singulis
367 2733 468 2816 igitur
501 2733 665 2811 versibus,
699 2735 987 2816 Hephaestionem
1022 2735 1049 2801 si
1082 2737 1263 2819 sequimur,

91 2840 256 2905 habemus
280 2840 461 2921 systemata
483 2838 536 2901 vel
560 2838 718 2919 strophas
735 2842 908 2921 totumque
925 2859 1059 2904 carmen
1076 2846 1128 2904 est
1143 2860 1263 2905 mono-

91 2940 302 3023 slrophicum
322 2940 382 3022 (sc.
399 2938 430 3017 ἐξ
446 2930 581 3024 ὁμοίων).
617 2940 779 3006 Similiter
794 2942 918 3020 omnia,
934 2963 1019 3025 quae
1034 2945 1121 3007 ultra
1137 2944 1261 3008 iustum

90 3044 192 3111 metri
216 3044 353 3109 modum
375 3043 607 3125 procederent,
636 3065 656 3109 a
684 3044 845 3109 nonnulis
873 3042 1010 3110 σύνθετα
1038 3050 1158 3111 vocata
1186 3067 1262 3111 esse

87 3146 258 3213 Aristides
283 3146 396 3224 Quint.
418 3168 450 3229 p.
475 3148 526 3226 33,
549 3148 591 3211 35
613 3152 730 3213 auctor
753 3152 813 3212 est.
858 3149 973 3232 Neque
994 3170 1136 3233 usquam
1158 3150 1262 3215 tradi-

87 3258 160 3316 tum
178 3254 231 3315 est
244 3249 532 3331 Hephaestionem
547 3250 741 3316 huiusmodi
757 3272 875 3317 versus
890 3252 1050 3335 periodos
1062 3254 1262 3336 appellasse.

86 3354 215 3421 Omnia
239 3353 329 3417 euim
357 3353 486 3419 scholia
513 3353 801 3435 Hephaestionea,
831 3356 865 3420 in
896 3357 1015 3439 quibus
1044 3357 1262 3438 periodorum

86 3476 219 3523 nomen
243 3456 372 3537 legitur,
394 3456 439 3521 ad
460 3457 600 3521 alteram
624 3457 722 3523 metri
745 3450 975 3525 definitionem
1004 3464 1168 3542 spectant,
1197 3481 1263 3544 qua

84 3567 199 3627 metra
221 3579 327 3643 usque
351 3558 394 3623 ad
415 3559 553 3642 triginta
575 3560 640 3625 duo
663 3565 818 3643 tempora
832 3564 991 3644 progredi
1006 3564 1261 3645 praescribitur;

83 3668 126 3732 cf.
153 3664 325 3730 Choerob.
347 3684 380 3745 p.
405 3664 454 3741 74,
481 3665 530 3727 18.
575 3663 747 3741 Scholion,
771 3666 860 3747 quod
884 3686 925 3731 ex
949 3667 1064 3732 codice
1090 3665 1118 3745 Q
1140 3668 1261 3733 Stude·

81 3767 237 3835 mundus
262 3766 295 3831 in
319 3766 444 3831 Anecd.
467 3786 536 3831 var.
559 3767 572 3829 l
595 3786 668 3849 pag.
692 3768 751 3831 133
775 3773 917 3833 exeunte
939 3770 997 3851 (ad
1011 3790 1043 3851 p.
1060 3771 1111 3846 33,
1127 3771 1148 3835 4
1163 3777 1260 3853 sqq),

80 3893 123 3938 ex
152 3869 329 3935 codicibus
352 3868 383 3933 A
405 3874 438 3935 et
460 3868 498 3933 K
515 3870 640 3935 ibidem
662 3890 736 3953 pag.
763 3872 824 3936 134
853 3872 910 3954 (ad
937 3894 1011 3955 pag.
1034 3874 1121 3951 33,8
1144 3894 1188 3939 an
1216 3875 1260 3940 ad

78 3998 160 4059 pag.
188 3976 240 4056 34,
265 3975 320 4055 or)
344 3973 447 4038 edidit
470 3974 526 4052 (cl.
548 3973 655 4056 Heph.
679 3993 710 4055 p.
735 3976 771 4038 31
798 3975 875 4039 adu.
905 3975 1036 4058 (laist),
1065 3981 1259 4059 corruptum

78 4098 164 4144 esse
201 4076 299 4143 facile
330 4076 574 4159 perspicitur.²)
629 4077 752 4142 Verum
785 4078 852 4143 iam
887 4078 969 4144 vidit
1002 4080 1172 4158 Pauwius,
1203 4081 1259 4164 qui

178 4265 198 4333 ¹)
219 4268 253 4317 cl.
272 4265 355 4319 etiam
373 4266 407 4318 τὰ
426 4264 548 4333 οτιχηδὸν
566 4268 738 4336 γεγραμμένα
756 4265 784 4319 in
804 4266 891 4320 schol.
910 4266 938 4320 in
951 4267 1032 4321 Dion.
1051 4268 1116 4323 Thr.
1135 4287 1161 4337 p.
1175 4268 1261 4331 7344

73 4361 104 4408 et
127 4350 321 4408 Studemundi
339 4352 389 4406 An.
408 4370 465 4407 var.
484 4352 495 4407 Ι
513 4370 539 4421 p.
558 4354 617 4415 330,
639 4353 678 4405 17.

174 4440 198 4509 ¹)
218 4440 343 4494 Eandem
366 4440 550 4510 corruptelam
577 4440 632 4493 iam
656 4440 722 4508 legit
750 4441 806 4494 loa.
830 4441 922 4495 'l'zetz.
946 4440 963 4495 l.
988 4459 1010 4494 c.
1036 4460 1061 4510 p.
1080 4443 1140 4505 311,
1161 4442 1173 4495 1
1197 4460 1258 4511 sqq.

72 4538 102 4583 et
124 4528 193 4591 313,
214 4528 240 4590 8,
264 4528 342 4581 cuins
366 4528 400 4582 de
419 4529 471 4581 hac
491 4528 615 4582 doctrina
634 4534 782 4596 praecepta
807 4528 895 4596 magis
919 4530 1021 4583 futtilia
1043 4534 1108 4583 sunt
1128 4546 1213 4598 quam
1231 4531 1259 4583 in

70 4618 189 4686 quibus
210 4614 383 4683 explicandis
401 4632 514 4685 operam
532 4615 655 4685 perdam.
