3459 5200
911 529 1113 628 „h-

432 733 491 799 ὑπὸ
524 734 631 820 στίχου
665 733 735 799 οὔτε
768 731 827 799 ὑπὸ
860 733 1058 822 συστήματος
1090 734 1367 822 καταμετρούμενα
1394 738 1427 802 h.
1452 756 1481 801 e.
1505 755 1593 820 quae

431 857 538 922 neque
563 843 641 904 sunt
662 837 745 902 κατὰ
772 837 878 924 στίχον
906 859 1015 924 neque
1042 848 1280 926 οιαταμετρεῖται
1306 836 1367 904 ὑπὸ
1395 837 1595 925 συστήματος

430 942 481 1007 vel
505 979 544 990 -
568 943 726 1026 quoniam
748 935 807 1006 ὅσα
830 951 984 1028 μετρεῖται
1004 940 1064 1008 ὑπὸ
1086 942 1281 1030 συστήματος
1301 965 1333 1028 p.
1356 944 1398 1007 IV
1420 945 1440 1008 6
1463 963 1595 1008 nuncu-

430 1049 552 1128 pantur
581 1043 663 1110 κατὰ
690 1045 795 1131 σχέσιν
822 1083 863 1094 -
893 1067 977 1131 quae
1007 1067 1116 1133 neque
1146 1053 1224 1114 sunt
1250 1047 1333 1112 κατὰ
1355 1046 1462 1133 στίχον
1483 1067 1596 1130 neque

430 1149 514 1214 κατὰ
536 1149 650 1235 σχέσιν.
708 1161 710 1166 ’

515 1255 646 1332 Verum,
675 1273 717 1319 ne
745 1253 789 1320 ad
815 1254 898 1320 alias
923 1256 1137 1337 quaestiones
1163 1256 1367 1334 delabamur,
1397 1255 1462 1319 hoc
1488 1255 1597 1320 mani·

430 1358 552 1424 festum
580 1362 632 1423 est
660 1377 734 1422 eam
766 1357 811 1423 ad
843 1377 944 1440 quam
979 1358 1132 1423 scholion
1160 1360 1307 1443 pertinet
1341 1359 1595 1424 enarrationem

433 1463 474 1526 ab
497 1461 670 1545 utriusque
700 1449 932 1526 commentarii
959 1463 1070 1527 verbis
1098 1463 1252 1528 nonnihil
1282 1463 1464 1528 recessisse
1492 1467 1596 1546 atque

432 1566 497 1628 hoc
519 1565 587 1630 fere
611 1565 711 1630 modo
735 1565 838 1630 fuisse
862 1570 1068 1648 conceptam,
1096 1570 1133 1632 ut
1158 1568 1245 1632 bene
1275 1587 1317 1632 ex
1340 1566 1398 1630 illa
1418 1566 1597 1649 utriusque

388 1752 390 1756 Ι
433 1669 663 1733 commentarii
698 1670 803 1733 *verna
841 1687 901 1750 per
933 1669 1088 1734 homines
1121 1689 1190 1734 non
1222 1670 1406 1735 admodum
1438 1668 1599 1734 sollerter

432 1789 539 1854 neque
561 1775 715 1836 accurate
738 1771 966 1837 exscribentes
990 1773 1133 1838 derivari
1156 1774 1335 1855 potuerint

516 1893 667 1974 Denique
701 1897 818 1975 reputa
851 1914 991 1974 mecum,
1020 1914 1104 1977 quae
1138 1895 1178 1958 de
1212 1901 1329 1979 μικτοῖς
1356 1902 1599 1978 συστήματινιοῖς

432 1998 629 2062 referuntur.
673 1997 840 2078 Leguntur

431 2117 466 2182 in
490 2137 609 2183 comm.
633 2119 645 2182 l
668 2119 750 2183 haec
772 2139 804 2202 p.
828 2115 856 2182 V
876 2120 988 2184 4-5:
1036 2121 1071 2184 in
1087 2139 1207 2184 comm.
1223 2117 1253 2183 ΙΙ
1268 2120 1351 2184 haec
1374 2139 1405 2201 p.
1417 2117 1475 2182 XV
1492 2118 1599 2181 3-5:

473 2235 577 2301 Μικτοὶ
605 2239 640 2301 δὲ
667 2236 727 2302 ὅσα
756 2238 847 2324 μέρος
880 2237 935 2324 μέν
961 2262 989 2304 τι
1078 2237 1220 2323 Λέγομεν
1234 2238 1344 2320 τοίνυν,
1360 2237 1405 2303 ὅτι
1421 2234 1516 2324 μικτοὶ
1533 2238 1601 2301 ἐστι
1709 2251 1711 2322 3

432 2338 604 2426 ἔχεικατὰ
632 2340 747 2426 σχέσιν,
776 2341 868 2426 μέρος
896 2340 931 2406 δέ
961 2365 989 2406 τι
1035 2340 1260 2426 συστηματικοί,
1288 2340 1393 2425 ὥσπερ
1422 2342 1514 2416 εἴτις
1542 2338 1602 2424 τήν
1710 2381 1711 2386 1

434 2441 664 2530 ἀπολελυμένον
685 2441 707 2527 ή
732 2442 763 2521 έξ
785 2441 908 2528 ὁμοίων.
1035 2443 1161 2529 πρώτην
1183 2441 1268 2529 ᾠδήν
1291 2443 1323 2509 έν
1337 2444 1380 2529 τήν
1401 2441 1515 2527 πρώτῳ
1526 2439 1600 2508 Ἆλ-
1709 2483 1711 2530 1

1035 2546 1126 2611 καέου
1156 2549 1211 2612 καὶ
1236 2544 1293 2631 τήν
1322 2545 1468 2631 δευτέραν
1501 2545 1601 2611 συνά-
1709 2553 1711 2615 ἶ

1036 2652 1103 2733 ψειε
1118 2656 1352 2737 συστήματυιῆς
1374 2644 1469 2734 οὔσης
1490 2648 1599 2714 αὐτῶν
1709 2726 1711 2749 i

1037 2752 1197 2836 ἑκατέρας.

519 2876 573 2941 Ad
605 2875 728 2959 prioris
762 2875 995 2940 commentarii
1029 2874 1257 2939 definitionem
1290 2875 1326 2939 in
1349 2874 1486 2939 scholiis
1510 2874 1601 2938 haec

439 2983 593 3062 spectant
614 2980 717 3043 verba

541 3103 573 3165 p.
594 3082 652 3147 XV
675 3083 813 3146 11-13:
837 3077 941 3145 Μικτοὶ
963 3082 1018 3166 μέν
1040 3078 1092 3146 οὖν
1116 3080 1204 3159 ἐστιν,
1227 3076 1248 3143 ἃ
1270 3080 1336 3162 (vel
1358 3071 1399 3155 ὡς
1421 3078 1465 3162 αἱ)
1491 3100 1602 3163 παρα-

543 3182 647 3269 βάσεις
669 3184 794 3268 έχουσιν
825 3180 865 3247 τὰ
891 3181 961 3265 τρία
988 3181 1114 3267 ᾄσματα
1140 3175 1417 3267 <οἷπολελυμένα>,
1444 3179 1483 3245 τὰ
1516 3184 1602 3268 (dt)
1709 3206 1711 3211 ·

542 3286 679 3370 τέσσαρα
702 3287 733 3350 έν
755 3285 902 3372 σχέσει,1)
1710 3376 1711 3381 ¹

437 3429 545 3492 neque
567 3428 647 3473 vero
671 3408 767 3473 alteri
791 3407 1032 3474 commentario
1057 3408 1091 3473 in
1115 3407 1253 3473 scholiis
1276 3406 1466 3490 explanatio
1489 3406 1603 3483 deest,
1709 3422 1711 3453 ³

435 3512 494 3577 sed
516 3513 660 3578 verbosa
683 3511 740 3577 illa
761 3512 903 3595 vilisque
927 3512 1099 3576 doctrinae
1126 3532 1159 3595 p.
1182 3511 1242 3575 XV
1266 3512 1411 3575 13-a2.
1454 3509 1604 3575 Rectam
1709 3534 1711 3553 ι

434 3636 509 3681 esse
538 3636 611 3681 eam
640 3636 724 3699 quae
753 3616 788 3680 in
810 3616 922 3699 priore
946 3615 1188 3681 commentario
1210 3614 1331 3695 legitur
1354 3613 1601 3689 definitionem,

432 3739 623 3802 perversam
657 3721 797 3785 alteram
837 3717 1079 3783 demonstravit
1119 3717 1349 3799 Westphalius
1389 3716 1520 3798 (Metrilr
1555 3718 1604 3781 11²

432 3844 463 3905 p.
486 3825 562 3906 267)
586 3843 693 3905 neque
717 3822 757 3886 de
781 3823 843 3886 hac
873 3842 909 3886 re
939 3821 1115 3903 quisquam
1146 3819 1284 3884 dubitat.
1328 3818 1423 3884 Adde
1445 3838 1532 3901 quae
1557 3820 1602 3884 de

434 3925 562 4011 εἰσβολή
596 3929 628 3989 et
663 3925 703 3989 de
738 3932 891 4009 μετρικοῖς
919 3921 1064 3999 ἀτάκτοις
1092 3923 1193 3988 modo
1217 3922 1393 4005 disputavi,
1428 3923 1603 3989 concedes

434 4030 497 4094 hac
519 4049 587 4094 una
610 4029 801 4094 coniectura
824 4028 1029 4093 scholiorum
1059 4027 1295 4091 condicionem
1318 4025 1399 4090 satis
1427 4026 1515 4091 hene
1538 4047 1603 4092 ex·

433 4132 549 4215 pediti,
572 4137 609 4197 ut
632 4136 817 4198 statuamus
841 4131 944 4196 fuisse
960 4131 995 4195 in
1012 4151 1051 4195 eo
1067 4129 1191 4207 libello,
1214 4128 1257 4193 ad
1273 4149 1372 4213 quem
1387 4128 1601 4195 scholiorum

432 4256 511 4319 pars
545 4235 699 4318 primitus
732 4234 909 4318 pertinuIt,
943 4254 1016 4298 eam
1044 4234 1114 4298 fere
1143 4237 1256 4317 μικτῶν
1279 4234 1514 4316 συστηματικῶν
1538 4253 1602 4300 ex-

434 4338 673 4421 planationem,
702 4358 787 4421 quae
815 4338 850 4402 in
877 4336 990 4421 priore
1013 4335 1255 4404 commentario
1279 4336 1381 4412 inest;
1408 4341 1487 4417 post
1521 4357 1602 4402 cum

524 4580 543 4651 ¹)
561 4580 647 4636 verba
665 4585 792 4652 corrupte
810 4581 912 4635 tradita
930 4580 1087 4635 emendavit
1105 4580 1207 4635 Caesar
1226 4595 1278 4634 em.
1296 4578 1385 4648 Heph.
1403 4578 1429 4632 ll
1447 4595 1474 4647 p.
1491 4577 1565 4633 xm
