3459 5200
927 604 1127 711 Q—

533 808 597 879 Τοῦ
630 815 665 880 δὲ
698 813 852 901 ἔπῳδικοῦ
889 818 997 904 γένους
1029 818 1069 883 τὰ
1109 816 1164 903 μὲν
1202 820 1281 884 ἐστιν
1320 806 1490 904 ὁμωνύμως
1528 808 1600 901 αὐτῷ

447 916 626 1003 καλούμενα
660 918 810 1004 topanta,
842 918 882 984 rol
915 922 950 985 δὲ
982 920 1154 1007 προῳδικοί,
1187 921 1227 987 τοὶ
1255 922 1290 985 δὲ
1317 920 1487 1008 μεοιμδιτιοί,
1515 920 1552 984 τά
1571 922 1601 985 δὲ

447 1020 625 1106 περιῳδικοί,
648 1020 687 1086 τὰ
709 1023 744 1087 δὲ
765 1022 967 1108 παλινῳδικοί.

530 1138 693 1225 Ἐπιμδικὰ
715 1143 769 1226 μὲν
792 1138 844 1206 οὖν
868 1143 948 1208 ἐστιν
969 1144 1001 1209 ἐν
1024 1144 1068 1221 οίς
1090 1141 1204 1229 ὁμοίοις
1220 1140 1363 1229 ἀνόμοιόν
1378 1164 1406 1207 τι
1424 1142 1602 1228 ἐπιφέρεται,

414 1248 427 1292 5
448 1240 489 1320 ιιίς
510 1241 549 1307 τά
571 1265 608 1328 γε
629 1243 935 1329 πλεῖοταΠινδοίρου
957 1248 1012 1310 καὶ
1033 1245 1205 1332 Σιμωνίδου
1226 1245 1401 1331 πεποίηται.

531 1362 699 1449 Προῳδικοὶ
735 1365 770 1431 δέ
803 1366 883 1433 ἐστιν
916 1368 947 1433 ἐν
980 1368 1024 1444 οίς
1056 1367 1090 1431 τὸ
1130 1364 1272 1453 ἀνόμοιον
1310 1366 1518 1452 προτέτακται
1548 1366 1602 1431 τῶν

448 1460 571 1554 ὁμοίων.

532 1586 702 1673 Μεσῳδικά
734 1590 770 1653 δὲ
803 1590 834 1656 ἐν
869 1590 912 1668 οἶς
944 1590 1083 1676 περιέχει
1116 1592 1170 1676 μὲν
1196 1586 1235 1655 τὰ
1262 1586 1364 1677 ὅμοια,
1399 1590 1493 1677 μέσον
1522 1578 1605 1653 δὲτὸ

446 1690 591 1778 ἀνόμοιον
612 1692 766 1757 τέτακται.

392 1830 426 1870 ιιι
531 1812 731 1898 Παλινῳδικά
762 1813 798 1877 δὲ
831 1812 863 1880 ἐν
897 1814 941 1891 οἶς
973 1813 1012 1878 τὰ
1046 1816 1100 1901 μὲν
1133 1814 1318 1899 περιέχοντα
1351 1808 1500 1900 ἀλλήλοις
1533 1814 1608 1877 ἐστὶν

532 2072 654 2139 Diserep.
678 2070 751 2141 lect]
788 2072 857 2126 2-3.
879 2072 913 2123 τοὶ
940 2075 970 2124 δὲ
995 2072 1132 2139 προφδικιί
1156 2101 1189 2111 -
1212 2073 1355 2139 περιφδιιιοί
1376 2072 1399 2125 0
1424 2072 1518 2126 Tzotz.
1545 2074 1563 2127 l.
1581 2090 1610 2132 e.¹

447 2174 500 2213 om.
517 2158 574 2212 roll.
591 2157 663 2213 codd.
681 2159 845 2213 Litterarum
869 2174 983 2213 numero
1002 2164 1160 2227 computato
1184 2190 1216 2200 -
1245 2162 1351 2214 circiter
1369 2160 1421 2213 800
1448 2160 1558 2213 litterae
1585 2160 1610 2212 iu

446 2246 562 2312 singulis
581 2246 654 2299 soliis
679 2246 780 2299 codicis
799 2246 826 2299 A
852 2251 981 2299 exaratae
1009 2252 1074 2300 sunt
1098 2276 1128 2287 -
1153 2248 1237 2301 luisse
1260 2249 1330 2301 haec
1352 2248 1437 2302 verba
1460 2248 1490 2300 in
1508 2247 1535 2299 A
1554 2264 1611 2315 pro-

446 2333 539 2387 babile
552 2339 595 2386 ast
620 2332 630 2402 ΙΙ
655 2334 672 2385 3
690 2334 723 2385 τοί
743 2336 773 2385 δὲ
790 2333 935 2400 reprotaret
955 2338 1019 2387 ante
1037 2334 1070 2386 τοὶ
1083 2337 1113 2385 δὲ
1126 2334 1288 2401 παλινφοικοί
1301 2350 1444 2403 perperam
1459 2334 1612 2389 collocasse
1682 2380 1683 2385 ,

447 2421 555 2473 videtur
573 2421 781 2488 grammaticum
801 2422 834 2474 cl.
853 2421 944 2474 Tzetz.
964 2421 981 2475 l.
1001 2438 1022 2475 c.
1059 2420 1068 2490 ll
1102 2424 1118 2475 5
1136 2424 1178 2489 γε]
1198 2439 1228 2474 τε
1245 2420 1299 2475 Κ’.

445 2656 630 2727 Testimonia]
684 2661 825 2724 πεποίηται
854 2656 911 2724 (vv.
939 2656 1003 2710 inde
1031 2659 1066 2711 ab
1094 2655 1130 2722 ὡς
1156 2659 1189 2710 τοὶ
1217 2676 1271 2712 om.
1294 2659 1381 2712 schol.
1408 2657 1490 2725 Eun).
1521 2659 1557 2711 id.
1582 2657 1626 2710 ad'

446 2745 530 2813 Soph.
554 2746 616 2798 Ant.
639 2760 665 2812 p.
684 2745 725 2807 85,
747 2745 780 2797 27
807 2748 906 2810 γίνεται
933 2747 963 2795 δὲ
989 2743 1076 2811 ὥοπερ
1104 2743 1177 2811 τριὰς
1204 2746 1321 2813 ἑπῳδιιιὴ
1349 2743 1419 2797 οὕτω
1445 2749 1493 2797 καί
1520 2747 1616 2810 τετρὰς

444 2835 492 2884 καί
509 2831 605 2895 πεντὰς
621 2835 669 2883 καί
686 2835 729 2883 ἐπί
745 2834 843 2883 πλεῖον.
877 2830 887 2899 ΙΙ
925 2832 991 2884 1-3
1009 2832 1044 2885 ls.
1054 2831 1145 2886 Tzetz.
1165 2849 1190 2900 p.
1204 2833 1245 2896 66,
1258 2833 1362 2886 77-36
1380 2873 1386 2886 .
1406 2873 1413 2886 .
1432 2873 1439 2884 .
1457 2835 1507 2884 καὶ
1525 2834 1618 2884 παλιν-

445 2917 528 2984 ῳδυιοί
542 2919 601 2988 re!
629 2917 702 2970 ἄλλα
715 2935 745 2970 τε
753 2918 898 2985 περιμδικοὶ
912 2917 1036 2985 τυγχάνει
1049 2922 1092 2970 ἐπί
1105 2919 1208 2983 τούτοις
1243 2919 1252 2988 ΙΙ
1286 2919 1356 2972 4-5
1373 2920 1407 2973 Is.
1422 2919 1518 2972 Tzetz.
1534 2935 1560 2986 p.
1575 2919 1618 2971 67.

447 3006 521 3059 1-8.
539 3005 616 3058 Dem.
627 3005 708 3058 Tricl.
722 3006 810 3059 schol.
824 3006 860 3058 ad
873 3005 956 3073 Soph.
970 3004 1011 3058 El.
1026 3023 1052 3073 p.
1067 3005 1109 3069 37,
1130 3007 1161 3059 16
1179 3007 1297 3072 ἑπφδοιοί
1313 3009 1343 3058 δέ
1356 3009 1432 3070 ἐστιν,
1448 3003 1485 3069 ὡς
1504 3009 1619 3072 ιίρηται,

445 3097 472 3145 tv
490 3097 529 3156 οίς
547 3091 647 3159 ὁμοίοις
665 3089 789 3160 ἀνόμοιόν
802 3110 825 3144 τι
843 3096 995 3158 ἐπιφέρεται
1029 3093 1039 3161 ll
1074 3093 1188 3147 6-715.
1201 3093 1292 3146 Treta.
1311 3110 1337 3161 p.
1350 3094 1392 3155 67,
1405 3093 1518 3147 10-11.
1538 3093 1619 3146 Dein.

444 3179 526 3236 Tricl.
556 3181 591 3232 ad
619 3180 703 3248 Soph.
722 3180 820 3233 Trach.
848 3196 874 3247 p.
895 3180 952 3241 133,
977 3179 1044 3231 8-9
1072 3181 1208 3246 προῳδικοί
1235 3182 1265 3230 δέ
1292 3183 1367 3244 ἐστιν,
1395 3177 1431 3242 ὡς
1451 3177 1619 3246 Ἡφαιστίων

445 3271 530 3333 φησίν,
558 3270 585 3318 ἐν
603 3271 642 3329 οίς
660 3266 690 3318 τὸ
710 3263 833 3334 ἀνόμοιον
851 3268 1005 3333 προτίθεται
1022 3269 1074 3318 τῶν
1092 3265 1189 3334 ὁμοίων
1223 3265 1232 3336 ΙΙ
1267 3267 1336 3320 8-9
1359 3266 1510 3321 1s.Tzetz.
1530 3285 1558 3336 p.
1578 3267 1622 3326 67,

446 3355 555 3407 17-14.
582 3355 659 3407 Dem.
678 3353 761 3406 Tricl.
782 3354 869 3407 schol.
889 3353 924 3406 ad
948 3353 1032 3421 Soph.
1052 3353 1113 3406 Ant
1132 3369 1158 3421 p.
1176 3353 1218 3415 87,
1239 3354 1306 3405 1-3
1333 3354 1469 3420 proporro
1488 3357 1521 3406 δέ
1540 3357 1620 3406 ἐστιν.

444 3439 480 3503 ὡς
494 3439 654 3506 Ἡφαιστίων
681 3445 766 3508 φησίν,
793 3444 821 3492 ἐν
848 3445 886 3503 οἷς
913 3443 1064 3506 περιέχεται
1087 3439 1146 3510 (sia)
1174 3443 1220 3506 μὲν
1242 3441 1275 3492 τοὶ
1302 3439 1391 3506 ὃμοια,
1419 3443 1501 3506 μέσον
1530 3445 1562 3492 δὲ
1591 3441 1621 3492 τὸ

443 3523 567 3595 ἀνόμοιον
584 3532 711 3579 τέτακται
743 3527 753 3596 ΙΙ
790 3527 874 3581 101s.
893 3527 986 3581 Tzetz.
1005 3543 1030 3595 p.
1049 3528 1092 3589 67,
1112 3527 1220 3580 16-74.

443 3688 524 3694 -—-
538 3688 729 3694 --...-.--.-
768 3689 786 3693 -
1210 3686 1572 3697 ...--.-.----.--
1598 3689 1606 3694 -

933 3809 1114 3876 Scholia.

445 3946 555 4012 καὶτὸ
579 3943 722 4033 ἀνόμοιον
765 3946 773 4031 Η
819 3963 834 4008 4
871 3945 937 4031 (7)1
959 3949 1014 4010 καί
1035 3943 1156 4022 πάντως
1177 3944 1293 4030 γίνεται
1315 3937 1332 4007 ὃ
1355 3943 1456 4029 τρίτος
1478 3947 1580 4023 ἕκτος

449 4071 484 4115 10
509 4052 546 4116 ἐν
568 4051 624 4127 οίς
652 4049 696 4113 τὰ
723 4051 788 4136 μὲν
809 4049 1088 4134 περιίχονταΡ
1120 4049 1152 4114 ἐν
1185 4041 1271 4133 ἀρχῇ
1304 4048 1358 4111 καὶ
1390 4047 1471 4112 τέλει
1501 4048 1627 4130 συστή-

446 4178 529 4241 ματα
539 4154 560 4219 ⁸.

534 4399 545 4450 1
567 4398 620 4450 hoc
638 4397 765 4450 scholion
786 4397 840 4449 huc
859 4395 963 4449 rettulit
981 4395 1091 4457 Caesar,
1110 4395 1144 4447 ad
1163 4411 1189 4462 p.
1203 4394 1353 4448 xvim-8
1369 4394 1454 4448 Pauw
1491 4396 1500 4463 Η
1536 4397 1559 4448 2
1582 4413 1630 4446 w.

446 4488 473 4537 ἐν
496 4515 528 4523 -
552 4489 708 4551 περιίχοντα
734 4499 783 4552 pro
811 4485 941 4538 lemmate
965 4483 1057 4550 posuit
1083 4481 1167 4534 Pauw
1219 4481 1229 4552 ΙΙ
1279 4483 1296 4534 3
1324 4480 1479 4549 συστήματα
1508 4483 1631 4549 scripsi.

445 4571 625 4638 ουστηματικοί
647 4569 715 4636 ΘΜ,
733 4570 887 4639 ουοτήματα
907 4573 953 4622 ίοα
972 4569 1081 4622 Caesar.
