3459 5200
490 533 492 542 ’
606 511 635 630 J
692 534 731 597 19

129 740 350 823 suspicionem
364 739 519 805 moveris.
554 738 796 806 Firmissimum
814 759 894 804 vero
912 740 1181 821 necessitudinis,
1201 761 1285 826 quae

131 847 216 910 inter
239 844 460 910 enchiridium
483 849 516 908 et
538 842 685 908 libellum
715 844 785 928 περὶ
812 838 984 929 ποιήματος
1014 843 1213 924 intercessit,
1237 846 1288 909 in-

130 950 250 1013 dicium
290 947 485 1031 perhibetur
529 945 640 1012 verbis
679 945 960 1028 Hephaestioneis
999 968 1031 1028 p.
1064 949 1121 1027 59,
1163 950 1201 1013 12
1235 949 1286 1014 W.

131 1051 276 1116 Τοσαῦτα
298 1052 368 1136 περὶ
390 1049 523 1136 μέτριον·
545 1050 616 1134 περὶ
640 1048 675 1112 δὲ
695 1047 869 1135 ποιήματος
890 1048 961 1134 ἑξῆς
983 1048 1103 1133 ρητὲον,
1133 1071 1218 1134 quae
1245 1071 1289 1117 ne

130 1156 203 1240 quis
237 1153 453 1238 grammatico
488 1151 620 1218 cuidam
652 1153 799 1218 vindicet
832 1173 901 1218 non
934 1172 1066 1230 vereor3
1101 1153 1142 1218 cf.
1176 1154 1289 1220 Hense

129 1260 150 1323 l.
175 1279 202 1322 c.
230 1279 262 1341 p.
288 1257 358 1322 154.
402 1255 515 1340 Neque
549 1255 663 1321 obstat
696 1255 839 1338 capitulo
874 1257 944 1340 περὶ
975 1251 1146 1341 ποιήματος
1173 1257 1289 1324 titulus

130 1362 208 1427 libri
228 1363 299 1446 περὶ
321 1359 448 1446 μέτριον.
493 1359 627 1424 Etenim
650 1359 801 1442 quamvis
824 1358 859 1422 sd
882 1357 992 1445 μέτρον
1013 1357 1085 1424 κατ’
1109 1359 1232 1446 ἐξοχήν,
1254 1366 1292 1427 ut

130 1468 196 1531 hoc
217 1465 379 1530 vocabulo
402 1463 450 1528 uti
472 1463 555 1528 mihi
578 1463 686 1546 liceat,
710 1463 878 1546 discrepet
894 1483 970 1528 cum
990 1467 1154 1546 poemate,
1177 1468 1290 1529 tamen

132 1588 232 1653 quam
267 1569 418 1634 diversae
452 1568 529 1633 huic
563 1568 726 1633 vocabulo
763 1569 931 1634 subiectae
964 1569 1087 1634 tuerint
1124 1570 1290 1649 notiones

131 1673 258 1756 optime
280 1691 343 1737 nos
367 1672 465 1736 docet
486 1671 657 1754 Longinus
680 1671 715 1735 in
738 1673 843 1737 schol.
865 1672 973 1754 Heph.
998 1670 1016 1756 β
1038 1691 1070 1754 p.
1092 1673 1123 1750 2,
1141 1673 1253 1754 16-3,
1271 1675 1291 1739 5

130 1777 187 1860 (cl.
205 1775 326 1841 Choer.
341 1796 374 1858 p.
391 1774 441 1854 34,
459 1775 598 1852 11-243
624 1775 728 1840 schol.
744 1775 851 1857 Heph.
871 1796 904 1857 p.
930 1774 985 1838 VH
1009 1777 1157 1858 11-16)
1184 1797 1292 1861 neque

129 1886 258 1946 temere
282 1879 406 1944 diserte
430 1877 514 1942 dixit
535 1898 569 1960 p.
593 1878 623 1956 3,
645 1879 665 1942 L
688 1875 723 1942 τὸ
745 1877 867 1964 ποίημα
883 1877 993 1964 μέτρον
1011 1878 1291 1964 προσαγορεύεται;

130 1985 171 2049 cl.
188 1983 290 2048 etiam
304 1983 414 2046 Anon.
429 1981 643 2046 Ambrosian.
668 1981 702 2046 in
719 1982 869 2047 Studem.
890 1983 955 2046 An.
977 2001 1044 2047 var.
1068 1983 1081 2046 l
1102 2003 1134 2064 p.
1150 1984 1223 2064 131,
1241 1986 1290 2050 13.

214 2087 363 2152 Alteram
392 2083 619 2149 difficultatem
650 2085 684 2148 in
714 2084 942 2151 Choerobosci
972 2085 1083 2150 verbis
1112 2104 1214 2169 supra
1236 2107 1291 2153 ex-

130 2188 265 2272 scriptis
294 2187 544 2271 deprehendere
574 2188 638 2253 sibi
667 2188 758 2253 visus
787 2193 839 2254 est
867 2189 1095 2271 Westphalius
1117 2190 1248 2271 (Metrik
1262 2191 1305 2256 1³-

128 2315 160 2376 p.
191 2293 265 2374 189)
294 2291 328 2356 in
357 2310 407 2373 eo,
436 2290 526 2374 quod
553 2291 641 2356 idem
671 2290 939 2372 Choeroboscus,
968 2291 1024 2375 qui
1052 2292 1073 2355 l.
1102 2313 1129 2357 c.
1161 2296 1203 2359 ab
1225 2295 1292 2360 He-

128 2395 330 2480 phaestione
360 2395 581 2472 enchiridium
605 2401 902 2462 commemoratum
925 2415 998 2461 esse
1026 2395 1062 2460 in
1088 2395 1293 2482 libelloaept

128 2495 303 2586 ποιήματος
318 2502 435 2563 auctor
451 2501 511 2577 est,
534 2518 565 2580 p.
582 2498 633 2578 35,
655 2499 698 2562 LO
721 2519 793 2583 sqq.
816 2499 960 2582 primum
982 2499 1025 2564 ab
1045 2500 1292 2582 Hephaestione

129 2605 221 2669 edita
244 2624 319 2669 esse
341 2603 411 2687 περὶ
428 2601 546 2688 μέτριον
561 2600 613 2687 μή
639 2602 751 2689 βιβλία,
776 2604 898 2669 deinde
921 2624 961 2669 ea
981 2605 1017 2667 in
1032 2604 1198 2684 undecim,
1220 2609 1292 2670 tum

131 2708 165 2771 in
188 2707 264 2785 tria,
286 2710 459 2789 postremo
486 2706 521 2769 in
542 2726 647 2771 unum
669 2706 759 2770 τοῦτο
782 2704 817 2770 τὸ
833 2707 1016 2792 ἐγχειρίδιον
1031 2711 1202 2774 contracta
1216 2728 1291 2773 esse

131 2809 245 2875 tradit.
253 2810 277 2892 ¹)
292 2808 431 2873 Censuit
448 2807 547 2889 igitur
563 2806 801 2873 Choerobosco
813 2810 865 2873 vel
877 2810 988 2892 potius
1000 2810 1058 2889 illi,
1071 2810 1125 2893 qui
1139 2811 1292 2876 scholion

129 2913 213 2978 illud
246 2932 278 2994 p.
313 2912 365 2989 35,
393 2912 509 2975 9-13
538 2910 688 2976 condidit
709 2949 751 2959 —
780 2913 810 2977 si
832 2912 968 2995 quidem
990 2914 1031 2977 de
1054 2912 1292 2979 Choerobosco

130 3015 284 3080 nondum
308 3012 465 3097 cogitavit
486 3050 527 3061 —
551 3034 586 3078 re
608 3033 687 3079 vera
709 3020 786 3080 ante
810 3016 925 3080 oculos
947 3020 1116 3080 versatum
1131 3036 1206 3081 esse
1223 3036 1292 3082 non

128 3118 336 3202 peculiarem
366 3117 627 3199 Hephaestionis
658 3119 728 3202 περὶ
760 3115 932 3204 ποιήματος
965 3118 1123 3196 libellum,
1157 3121 1227 3200 sed,
1256 3125 1294 3186 ut

128 3221 280 3287 breviter
302 3220 421 3299 dicam,
443 3220 585 3302 Longini
608 3220 660 3285 vel
677 3220 736 3286 Ori
759 3218 927 3308 ὑπόμνημα
949 3221 1127 3305 quoddam,
1151 3242 1216 3305 quo
1238 3241 1293 3288 ca-

127 3330 193 3409 put
215 3324 350 3407 aliquod
372 3324 572 3406 ampliorum
593 3324 854 3407 Hephaestionis
878 3345 1017 3408 operum
1040 3326 1209 3408 copiosius
1236 3346 1293 3390 ex·

128 3428 294 3512 plicatum
322 3431 422 3491 esset.
466 3427 536 3492 illic
559 3447 628 3491 non
649 3428 935 3510 Hephaestionem
958 3449 1057 3493 suum
1077 3427 1199 3511 ipsiuS,
1234 3429 1294 3493 sed

128 3530 321 3613 Longinum
355 3531 406 3595 vel
440 3530 544 3596 Orum
580 3531 840 3613 Hephaestionis
865 3531 1086 3597 enchiridium
1119 3533 1293 3599 excitasse.

128 3636 247 3719 Neque
281 3653 359 3699 vero
393 3634 567 3714 habemus,
601 3636 690 3718 quod
720 3635 959 3702 Choerobosco
988 3637 1189 3719 imputemus
1213 3637 1294 3701 stul-

129 3740 243 3805 titiam
277 3742 345 3803 tam
379 3737 592 3820 singularem,
625 3742 660 3803 ut
690 3740 745 3822 qui
774 3759 844 3804 non
874 3740 1057 3822 dispexerit
1091 3744 1202 3805 utrum
1228 3741 1296 3806 He·

128 3841 290 3926 phaestio
318 3840 423 3924 ipsius
452 3841 575 3906 librum
603 3861 646 3906 an
669 3843 839 3925 Longinus
861 3842 1124 3926 Hephaestionis
1148 3862 1295 3909 comme-

129 3944 326 4013 moraverit.
383 3944 491 4022 Quid?
525 3946 614 4029 quod
648 3946 736 4012 idem
770 3947 896 4012 diserte
935 3952 968 4012 et
1004 3948 1158 4011 consulto
1192 3948 1295 4012 inter-

129 4055 269 4134 pretum
293 4048 460 4134 μαρτυρίας
487 4050 529 4114 ab
552 4049 813 4132 Hephaestionis
842 4050 947 4133 ipsius
970 4049 1164 4115 testimonio
1188 4070 1295 4132 segre·

128 4155 245 4237 gavit?
289 4152 402 4236 Neque
432 4152 552 4235 opinor
574 4144 814 4236 Wes'tphalius,
846 4154 997 4218 simodo
1022 4153 1296 4219 Choeroboscum

129 4258 236 4323 huius
281 4256 398 4321 scholii
436 4277 511 4322 esse
549 4262 720 4323 auctorem
758 4258 824 4322 iam
869 4261 1076 4340 compertum
1113 4257 1296 4335 habuisset,

127 4359 330 4427 huiusmodi
347 4360 573 4427 coniecturam
589 4363 821 4445 excogitasset.
867 4364 971 4427 lmmo
992 4363 1096 4427 multo
1113 4360 1297 4443 simplicius

228 4586 245 4653 ¹)
264 4588 297 4640 cl.
317 4587 399 4641 eliam
417 4588 510 4641 Hense
529 4588 545 4641 l.
565 4606 587 4641 c.
606 4606 632 4657 p.
654 4591 709 4641 151.

1098 4692 1130 4742 ᾖ*
