3459 5200
933 396 975 464 14

340 593 548 682 primitivis
579 591 801 679 nativisque
833 593 1167 661 substantivorum
1202 612 1383 678 generum
1413 591 1568 660 litteris

340 702 528 770 finalibus
551 700 744 788 doetrinam,
771 701 836 769 nisi
864 699 974 787 fallor,
1002 707 1117 768 auetor
1143 701 1207 768 loni
1233 721 1329 787 quem
1357 707 1566 787 supratrau·

339 809 539 898 seripsimus,
561 809 737 877 memoriae
759 806 905 875 tradidit.

428 916 596 986 Profeotus
620 922 671 985 est
693 921 805 984 auetor
827 915 884 983 ille
905 916 949 984 ab
971 915 1020 984 eis
1043 915 1256 984 substantivis
1270 933 1356 1000 quae
1373 914 1562 982 eootidiani

339 1025 496 1093 sermonis
519 1025 774 1092 usumsseulini
796 1023 926 1110 genem
949 1031 1037 1108 sunt3
1060 1022 1157 1110 idem,
1181 1023 1334 1108 quoniam
1350 1023 1458 1090 omnia
1471 1022 1567 1091 huius

339 1132 468 1219 generis
496 1133 699 1202 substantiva
730 1131 941 1200 terminantur
969 1131 1120 1200 oonsonis
1144 1135 1305 1192 ΝΞΡΣΨ
1335 1129 1389 1197 vel
1411 1135 1500 1192 ΝΡΣ
1522 1165 1569 1180 -

339 1260 413 1308 nam
438 1245 467 1302 Ψ
490 1247 523 1307 et
545 1246 566 1302 Ξ
591 1240 677 1307 idem
699 1239 810 1308 valere
831 1246 931 1324 atque
952 1245 1000 1300 ΦΣ
1024 1245 1057 1307 st
1079 1244 1129 1300 ΧΣ
1151 1236 1285 1306 diserte
1294 1237 1420 1304 monuit
1433 1273 1476 1288 -
1491 1255 1567 1306 oon·

338 1348 435 1416 elusit
458 1369 646 1418 oonsonas
670 1355 759 1410 ΝΡΣ
782 1367 871 1416 esso
893 1346 1118 1434 primitivas
1140 1347 1298 1415 litteras
1317 1345 1463 1416 finales
1479 1347 1567 1414 sub·

338 1457 600 1525 stautivorum
633 1455 790 1542 generis
822 1454 1034 1523 maseulini
1065 1461 1099 1522 ot
1126 1475 1167 1521 ea
1195 1454 1398 1524 substantiva
1421 1453 1454 1520 in
1477 1458 1567 1514 ΝΡΣ

340 1583 423 1648 quae
459 1583 501 1629 ex
531 1585 593 1632 usu
629 1562 788 1631 oommuni
826 1563 955 1648 genens
987 1561 1133 1629 feminini
1165 1568 1286 1640 essent,
1323 1561 1459 1629 abusive
1489 1559 1566 1628 buia

339 1669 451 1756 generi
475 1670 642 1758 adseripta
666 1691 748 1739 esse.
794 1669 1011 1750 Quamobrem
1039 1689 1098 1736 suo
1125 1669 1195 1737 iure
1222 1669 1348 1737 doouit:
1375 1668 1487 1756 ἄρρενα
1512 1674 1566 1756 μὲν

273 1777 275 1781 ’
339 1778 398 1845 ὅσα
421 1780 548 1864 τελευτᾷ
569 1776 614 1852 εἰς
639 1784 674 1845 τὸ
697 1784 722 1838 Ν
750 1783 804 1846 καὶ
831 1784 852 1840 Ρ
875 1782 930 1844 mi
952 1782 972 1836 Σ
995 1781 1050 1842 ναὶ
1075 1775 1134 1844 ὅσα
1156 1776 1193 1844 ἐκ
1213 1781 1318 1844 sobroo
1340 1775 1376 1859 (i.
1400 1796 1429 1843 e.
1453 1785 1507 1844 τοῦ
1532 1779 1566 1857 Σ)

339 1889 502 1971 Quotus·
525 1897 621 1953 ταῦτα
643 1886 667 1952 δ’
691 1885 771 1952 ἐστὶν
794 1889 856 1963 diro,
881 1890 911 1945 Ψ
929 1889 983 1954 καὶ
1005 1889 1036 1952 Ξ.
1397 1950 1400 1954 1

429 1991 523 2071 Quod
552 1994 581 2061 si
608 1993 823 2073 eoueosseris,
855 2001 1031 2079 supersunt
1053 2012 1095 2059 ex
1117 1992 1166 2060 eis
1188 1990 1306 2058 littoris
1329 1991 1363 2057 in
1385 2009 1469 2074 quas
1491 1989 1566 2056 sub·

340 2101 483 2168 stantiva
506 2099 652 2167 seminini
676 2099 806 2186 generis
821 2108 948 2187 exeunt,
971 2097 1193 2168 tantummodo
1206 2097 1339 2166 vooales
1352 2103 1457 2178 ΑΗΩ,
1481 2117 1567 2181 quae

341 2207 435 2276 buius
459 2208 588 2294 generis
610 2208 763 2295 propriae
786 2207 900 2276 baberi
922 2207 1059 2296 possint
1097 2205 1165 2274 Sed
1188 2226 1260 2273 oum
1283 2204 1568 2272 animadvertisset

340 2314 470 2382 vooales
485 2321 546 2376 Hit
569 2315 648 2381 nulli
672 2315 782 2400 generi
806 2313 993 2402 adsoriptas
1015 2333 1089 2382 esse
1112 2313 1177 2381 nisi
1199 2313 1352 2380 feminino
1367 2311 1566 2398 easdemque

341 2423 524 2507 quantitate
546 2443 675 2509 semper
696 2423 813 2508 longas
833 2443 917 2509 esse,
941 2423 1039 2490 faoile
1052 2420 1213 2488 adductus
1226 2427 1286 2506 est,
1308 2428 1345 2488 ut
1357 2418 1568 2488 wnteuderat

340 2530 670 2599 substantivorum
717 2530 876 2617 generis
921 2529 1097 2598 feminini
1142 2528 1369 2616 primitivas
1409 2526 1566 2596 litteras

339 2639 485 2707 finales
509 2658 596 2707 esse
619 2638 779 2707 vooalea
803 2638 944 2723 longas
962 2645 987 2699 Η
997 2644 1019 2699 Ω
1042 2644 1076 2705 et
1091 2640 1314 2723 productum
1336 2636 1509 2704 vooalem
1527 2642 1564 2701 A.

340 2746 431 2813 Haeo
453 2746 613 2814 sententia
637 2766 688 2813 me
712 2744 843 2831 quidem
865 2744 975 2813 iudioe
997 2746 1080 2832 ipsis
1103 2744 1246 2811 auotoris
1268 2742 1376 2810 verbis
1399 2742 1566 2829 perlueide

340 2874 496 2941 expressa
519 2860 584 2923 est:
611 2856 713 2940 θήλεα
736 2856 768 2921 δὲ
794 2853 852 2919 ὅσα
880 2861 938 2932 (so.
962 2852 1102 2939 τελευτᾷ)
1128 2853 1166 2918 ἐν
1191 2860 1249 2917 τῶν
1271 2856 1444 2940 φωνηὲηων
1466 2850 1509 2925 εἴς
1531 2873 1566 2917 τε

338 2966 376 3028 τὰ
400 2960 448 3027 ἀεὶ
470 2966 581 3049 μακρά,
610 2958 673 3029 οἷον
701 2958 744 3035 εἰς
771 2966 795 3019 H
819 2964 874 3027 ant
895 2966 931 3046 Ω,
958 2964 1012 3026 καὶ
1037 2972 1094 3027 τῶν
1118 2958 1359 3047 detemptus
1380 2954 1423 3031 εἰς
1446 2964 1483 3022 A.
1529 2946 1566 3024 Si

340 3074 454 3136 auotor
485 3068 647 3135 vocalium
680 3069 880 3153 quantitates
907 3088 971 3134 non
999 3065 1294 3150 animadvertisset,
1326 3064 1426 3131 verba
1453 3068 1494 3131 τὰ
1520 3062 1567 3131 ἀεὶ

341 3181 444 3265 μακρά
466 3181 498 3242 et
519 3180 558 3241 τὰ
580 3176 809 3264 treverorum
839 3196 904 3243 non
931 3173 1127 3260 addidisset,
1155 3172 1228 3254 sed,
1252 3171 1404 3258 quoniam
1426 3172 1510 3241 solet
1532 3170 1567 3237 in

340 3281 568 3351 enumerandis
590 3281 708 3351 litteris
731 3282 901 3369 alphabeti
920 3281 1065 3349 ordinem
1079 3281 1233 3367 religiose
1247 3300 1387 3365 servare,
1395 3278 1420 3364 ¹)
1444 3278 1565 3365 simpli·

340 3391 469 3457 oissime
492 3390 691 3476 scripsisset:
715 3394 818 3479 bilsa
840 3392 873 3457 δὲ
895 3389 955 3457 boa
977 3392 1102 3476 τελευτᾷ
1123 3388 1160 3455 a
1181 3398 1242 3457 τῶν
1264 3394 1441 3479 φωνιρντων
1465 3384 1507 3460 εἰς
1529 3390 1565 3452 τὸ

340 3503 367 3558 A
389 3503 441 3565 καὶ
464 3503 489 3557 Η
511 3503 565 3565 καὶ
587 3504 617 3563 Ω.
625 3496 651 3585 ²)

430 3606 509 3671 Post
540 3603 602 3672 bas
638 3624 734 3673 ouras
765 3606 793 3673 si
826 3604 1097 3691 eomparabantur
1127 3600 1311 3690 primitivae
1343 3602 1472 3671 litterae
1497 3622 1565 3669 ma·

342 3712 454 3781 saulae
477 3732 550 3780 oum
574 3712 744 3798 femininis,
770 3711 970 3780 efficiebatur
991 3711 1163 3779 masculini
1186 3712 1315 3795 generis
1328 3710 1479 3797 proprias
1491 3728 1567 3777 esse

342 3819 564 3888 tantummodo
592 3841 766 3901 oousonas,
794 3820 938 3887 feminini
965 3818 1186 3887 tautummodo
1213 3819 1344 3886 vooales
1370 3818 1501 3903 longas,
1533 3823 1568 3884 et

341 3936 434 4015 quot
470 3948 662 3996 consonas
698 3920 773 4013 illi,
810 3933 868 3993 tot
903 3927 1061 3995 vooales
1097 3926 1184 3993 huie
1216 3925 1349 4011 generi
1381 3923 1566 4011 adscriptas

342 4056 432 4120 osse;
470 4035 522 4103 oui
554 4036 602 4102 rei
631 4042 743 4103 auotor
769 4054 923 4119 magnam
944 4035 1011 4101 vim
1032 4035 1158 4121 tribuit,
1185 4054 1261 4101 nam
1284 4033 1405 4101 diserte
1426 4032 1565 4115 monuit:

433 4231 459 4302 ¹)
480 4227 985 4295 OtvsrbaekebNthmtll,
1010 4228 1195 4293 εἰςΗιαὶΩ,
1219 4225 1343 4292 skatt
1366 4225 1567 4291 1...si;tteo

341 4319 372 4387 t,
395 4321 439 4373 aut
462 4319 487 4373 N
510 4321 554 4375 aut
578 4318 605 4377 Σ,
642 4322 779 4379 Litteram
798 4318 827 4372 Ψ
851 4324 968 4390 utroque
990 4321 1051 4377 loeo
1073 4322 1139 4377 ante
1161 4316 1182 4373 Ξ
1206 4320 1371 4377 collocatam
1394 4335 1467 4385 esse,
1492 4318 1568 4388 quod

341 4410 437 4469 littera
458 4408 486 4463 Ψ
504 4430 553 4483 pro
572 4408 628 4463 ΦΣ
653 4415 682 4468 et
700 4407 721 4463 Ξ
740 4429 788 4481 pro
808 4407 865 4463 ΧΣ
884 4413 1043 4483 usurpatur,
1060 4410 1092 4465 iu
1110 4413 1241 4481 promptu
1259 4414 1313 4476 est3
1340 4409 1374 4465 of.
1393 4410 1423 4465 0.
1441 4408 1567 4466 Meister·

341 4503 422 4569 hans,
442 4500 618 4559 Grammatik
636 4502 686 4557 der
704 4500 844 4557 attisohen
861 4499 1029 4557 Inschriften
1047 4499 1114 4557 edit.
1132 4499 1168 4555 ΙΙ.
1186 4498 1203 4568 5
1220 4499 1238 4553 2
1256 4500 1283 4554 d
1302 4517 1326 4555 e.

434 4608 456 4675 ³)
484 4607 657 4664 Vocabulum
684 4606 870 4678 ἔπητσινόμννα
896 4611 971 4670 roeie,
996 4606 1174 4677 interpatet
1199 4609 1266 4662 sunt
1287 4606 1322 4661 Η.
1344 4604 1485 4663 steinthul
1507 4605 1566 4661 lt

342 4699 434 4765 1269,
455 4699 483 4751 l‘.
503 4698 640 4753 Susamibl
659 4698 679 4755 l.
698 4699 717 4754 l.
736 4718 763 4769 p.
783 4699 842 4765 167,
861 4698 892 4757 F.
910 4697 1063 4767 Ueberrveg
1080 4696 1100 4752 1.
1118 4696 1138 4756 l.
1156 4715 1183 4767 p.
1201 4696 1246 4753 33.
