3459 5200
611 589 812 686 Δεξ-

130 815 238 879 neque
262 794 520 862 Choeroboscus
538 795 642 878 ἕτερον
665 794 748 860 illud
767 791 895 879 πόνημα
915 796 985 878 περὶ
1004 790 1177 879 ποιήματος
1192 795 1294 859 inter·

130 902 281 981 prelatus
320 898 364 964 sit
401 918 509 980 neque
546 899 582 962 in
618 897 755 980 reliquis
793 899 1054 980 Byzantinorum
1097 898 1294 962 tractatibus

128 1001 304 1066 doctrinae
319 1001 389 1084 περὶ
404 999 576 1087 ποιήματος
603 1001 744 1082 vestigia
766 1006 891 1079 extent,
918 999 987 1064 veri
1016 1003 1067 1064 est
1090 1001 1296 1065 simillimum

129 1105 362 1169 commentarii
378 1104 390 1168 l
407 1105 615 1187 scriptorem,
639 1105 694 1187 qui
718 1104 940 1186 inscriptione
955 1099 1176 1187 Ἡφαιστίωνος
1197 1123 1297 1188 μετρι-

126 1207 187 1291 ιιής
216 1207 391 1292 εἰσαγωγῆς
418 1209 489 1290 περὶ
515 1206 688 1293 ποιήματος
715 1208 803 1272 hanc
832 1209 873 1273 de
903 1208 1086 1272 carminum
1116 1206 1294 1288 generibus

129 1311 379 1376 enarrationem
412 1315 482 1374 tam
515 1316 587 1376 arte
621 1311 807 1375 enchiridio
841 1311 1016 1388 adnexuit,
1054 1310 1293 1375 Choerobosco

131 1415 236 1478 luisse
260 1413 493 1497 antiquiorem.
537 1414 672 1479 Certum
697 1433 820 1478 nomen
849 1413 1002 1494 proferre
1025 1432 1094 1477 non
1118 1413 1182 1477 iam
1206 1413 1292 1479 licet.

129 1517 179 1580 De
203 1516 272 1581 Oro
295 1517 385 1581 enim
410 1517 492 1580 nihil
516 1518 585 1581 fere
615 1518 775 1582 traditum
805 1517 969 1582 hahemus
997 1536 1105 1598 neque
1129 1536 1169 1580 ex
1192 1519 1292 1582 certis

129 1619 197 1683 illis
233 1620 400 1698 formulis,
440 1621 560 1702 quihus
593 1623 694 1686 breve
727 1619 870 1701 Longini
907 1620 1170 1702 prolegomenon
1209 1622 1294 1703 frag·
1387 1635 1390 1640 “

126 1726 279 1786 mentum
304 1724 422 1805 (schol.
439 1723 545 1806 Heph.
570 1723 587 1810 β
610 1745 643 1806 p.
670 1726 696 1802 1,
723 1724 813 1801 1-5,
841 1723 874 1805 5)
898 1723 1028 1804 insigne
1057 1727 1109 1787 est
1136 1723 1226 1788 velut
1254 1722 1294 1787 αὖ

129 1821 234 1904 πάλιν,
268 1823 309 1903 ὡς
342 1825 415 1892 ὅταν
449 1828 535 1910 εἴποι,
570 1827 613 1892 ἔτι
645 1827 753 1907 τοίνυν,
781 1824 826 1890 ὅτι
854 1826 890 1888 δὲ
917 1825 1007 1889 τοῦτο
1035 1823 1131 1902 οὕτως
1159 1827 1235 1911 ἔχει,
1259 1828 1293 1891 in

131 1930 375 1994 commentario
387 1931 455 1995 ulla
467 1933 564 1994 inest.
605 1931 732 1996 Contra
744 1930 943 1994 vocabulum
955 1927 1032 2011 ἰδέα,
1045 1951 1110 2013 quo
1124 1950 1294 1994 commen-

128 2033 206 2098 tarii
231 2033 375 2116 scriptor
389 2034 501 2111 utitur,
526 2038 594 2098 eta
615 2035 768 2115 Longino
793 2037 825 2098 et
848 2054 869 2098 a
891 2033 1039 2114 reliquis,
1063 2035 1152 2116 quod
1176 2036 1291 2113 sciam,

126 2137 212 2200 artis
234 2137 392 2202 metricae
417 2137 636 2220 scriptoribus
659 2138 804 2202 ahenum
829 2137 922 2218 est.¹)

674 2345 744 2427 §a

444 2465 488 2531 De
510 2465 724 2532 commentarit
745 2463 776 2530 11
797 2467 936 2532 auctora.

215 2585 388 2651 Contineri
406 2588 648 2653 commentario
664 2587 690 2652 Il
717 2587 866 2653 libellum
888 2587 1205 2670 Hephaestionem,
1234 2590 1293 2654 sed

124 2690 257 2773 passim
280 2710 300 2755 a
321 2692 539 2771 grammatico
563 2691 707 2775 quodam
732 2690 828 2756 foede
851 2692 1090 2774 interpolatum
1112 2697 1212 2775 atque
1236 2694 1292 2757 de·

123 2797 301 2875 provatum
317 2793 545 2876 Westphalius
562 2799 595 2859 et
612 2796 738 2859 Caesar
760 2794 859 2858 certis
883 2795 1088 2876 argumentis
1112 2796 1292 2861 evicerunt.

121 2898 230 2961 Recte
253 2896 369 2961 tribuit
393 2898 624 2981 interpolatori
648 2898 856 2963 enuntiatum
880 2918 912 2980 p.
935 2898 1002 2962 VIII
1017 2900 1100 2961 a-:t
1123 2898 1292 2984 ἑξαμέτρου

121 3050 129 3063 .
159 3049 165 3062 .
191 3048 198 3063 .
223 3048 230 3062 .
254 2999 397 3064 κοινωνία
421 3000 554 3080 Caesar,
578 3002 667 3084 quod
691 3005 724 3065 et
745 3000 859 3065 Isaaco
883 3002 1024 3064 Tzetzae
1047 3005 1080 3065 et
1101 3002 1292 3067 scholiastis

119 3106 260 3184 praesto
284 3107 371 3179 erat;
393 3125 425 3185 p.
441 3105 519 3168 lll3
544 3109 575 3168 et
599 3106 617 3168 7
640 3124 701 3188 pro
724 3102 813 3169 κοινοὶ
835 3101 1050 3188 συατηματικοί
1074 3104 1139 3168 iam
1155 3106 1292 3171 Godof.

122 3203 338 3269 Hermannus
353 3207 387 3271 in
400 3208 440 3271 el.
454 3208 559 3272 doctr.
572 3212 670 3273 metr.
682 3228 713 3289 p.
727 3208 768 3271 16
786 3208 920 3288 scripsit
935 3204 1025 3270 ποινὰ
1039 3204 1156 3292 γενικοὶ,
1180 3212 1292 3273 tamen

121 3308 215 3372 κοινὰ
237 3306 452 3393 συατηματιιιοί
476 3310 627 3393 legerunt
656 3316 688 3376 et
716 3311 853 3375 Tzetzes
885 3314 918 3374 et
941 3310 1150 3375 scholiastae.
1195 3314 1292 3395 Apud

123 3412 413 3493 Hephaestionem
435 3420 578 3498 utroque
601 3415 675 3479 loco
700 3414 860 3496 scriptum
886 3414 989 3478 luisse
1012 3415 1166 3496 suspicor
1181 3417 1290 3479 solum

119 3514 323 3579 vocabulum
339 3512 437 3595 κοινοί,
462 3538 536 3582 cum
552 3516 690 3599 generis'
708 3537 832 3581 nomen
856 3536 897 3580 ex
912 3517 1064 3599 proxime
1079 3518 1291 3583 antecedenti

123 3618 297 3683 locutione
320 3618 414 3702 μικτὰ
435 3617 544 3704 γενικοί
566 3620 663 3685 facile
686 3620 937 3703 suppleretur.²)
981 3620 1206 3701 Interpolator
1232 3622 1292 3687 Ial-

124 3758 331 3767 —...——-—-.--.

212 3825 232 3893 ¹)
251 3825 455 3880 Recensionum
474 3826 667 3893 cognationem
686 3826 739 3880 hoo
759 3828 815 3879 lere
834 3829 978 3879 stemmate
998 3828 1261 3895 repraesentaveris:

173 3912 363 3967 Choerobosci
384 3913 506 3967 codices:
526 3917 624 3980 ἐγχειρ.
937 3916 1034 3979 ὲγχιιρ.
1053 3918 1082 3966 et
1100 3930 1198 3970 comm.
1217 3917 1228 3969 I

189 4006 218 4053 et
237 4004 332 4067 βιβλίον
351 4000 439 4070 Heph.
459 4002 595 4069 integrum
975 4000 1201 4071 (cumscholiisll

301 4105 362 4143 cum
386 4088 499 4142 scholiis

519 4304 649 4358 Codicum
667 4313 823 4362 nostrorum
847 4312 1019 4381 archetypus.
1064 4316 1116 4381 Qui
1142 4334 1203 4371 eum
1228 4336 1291 4373 con-

113 4385 192 4445 Iecit,
212 4400 247 4436 ex
264 4384 451 4441 Choerobosci
469 4388 546 4444 libris
566 4392 593 4445 ln
612 4394 664 4446 fine
684 4396 789 4449 addidit
802 4400 897 4462 βιβλίον
916 4400 973 4453 lere
985 4402 1128 4468 Integrum,
1145 4406 1196 4458 nisi
1216 4410 1290 4474 quod

111 4470 256 4526 nonnulla
274 4472 359 4539 ipsius
378 4474 478 4529 iudicio
497 4494 563 4531 usus
583 4480 742 4537 Immutavit.

206 4558 229 4627 ’β
258 4560 382 4613 Indidem
410 4563 493 4617 etiam
520 4569 708 4622 commentarii
737 4572 747 4623 l
775 4572 855 4637 μικτοί
884 4580 911 4626 et
937 4576 1014 4627 κοινοί
1042 4594 1067 4645 p.
1092 4579 1129 4631 Ill
1150 4580 1183 4631 11
1206 4586 1233 4634 et
1257 4584 1291 4635 16

108 4646 228 4700 facilius
248 4646 435 4715 explicaveris.
