3459 5200
654 512 684 518 -
749 422 770 486 9

145 623 233 680 suot:
257 615 290 679 in
315 635 372 680 suo
397 615 510 698 cuiquc
534 614 774 682 consecrandus
799 623 847 681 cst
870 620 1029 700 pectore.“
1071 614 1102 680 S.
1126 615 1167 679 dc
1191 615 1294 680 benef.
1313 615 1372 681 lo.

145 725 184 788 3:
208 723 281 788 Non
305 729 355 788 est
378 721 568 789 beneficium
591 723 704 808 ipsum,
728 721 816 807 quod
838 730 1023 789 numeratur
1046 729 1103 787 aut
1120 720 1269 806 traditur,
1289 722 1373 788 siout

145 849 189 895 ue
212 829 244 894 in
272 828 412 894 victimis
441 829 580 912 quidem,
611 829 688 895 lioet
716 829 844 916 opimae
873 830 938 895 sint
965 848 1110 912 auroque
1136 828 1372 914 praefulgeant,

146 940 275 1002 deorum
308 944 358 1002 est
389 936 492 1002 bonor
524 936 582 1002 sed
612 938 645 1002 in
673 944 763 1004 recta
791 957 830 1003 ao
860 938 917 1022 pia
944 934 1111 1001 voluntate
1138 937 1371 1004 venerantium.

146 1045 207 1128 Ep.
231 1047 282 1110 31.
309 1049 364 1109 11:
388 1042 494 1128 tinges
518 1051 626 1110 autem
650 1048 707 1124 (so.
733 1047 836 1123 datm)
861 1064 924 1109 non
953 1064 1032 1110 auro
1054 1043 1107 1108 vel
1137 1050 1281 1126 argento:
1306 1063 1370 1108 nou

146 1156 259 1236 potest
283 1171 324 1217 ex
346 1150 408 1216 bue
434 1156 563 1218 materia
585 1155 684 1236 imupo
707 1154 757 1217 dci
780 1151 916 1238 exprimi
941 1150 1064 1218 similis.
1088 1150 1146 1234 Ep.
1172 1153 1244 1216 llo.
1260 1154 1289 1219 ἴ).
1314 1150 1372 1236 Ep.

146 1262 202 1325 41.
223 1263 233 1322 1
253 1279 336 1342 sqqs
357 1258 429 1325 Non
454 1267 528 1324 suut
551 1259 593 1324 ad
617 1258 742 1326 eaelum
766 1257 946 1325 elevandae
968 1277 1083 1324 manus
1105 1277 1166 1323 nee
1189 1257 1373 1324 exorandus

148 1363 309 1448 aedituus,
325 1373 359 1430 ut
382 1385 441 1432 nos
464 1365 508 1430 ad
531 1386 641 1433 aurem
664 1368 831 1447 simulacri,
847 1365 943 1449 quasi
966 1365 1072 1449 magis
1096 1364 1244 1430 exaudiri
1267 1365 1371 1449 possi-

147 1492 229 1555 mus,
253 1471 418 1537 admittat:
442 1483 618 1564 prope-est
641 1493 662 1537 a
685 1476 945 1554 recensionem
969 1475 1124 1557 estiatur
1147 1478 1206 1538 est.
1280 1491 1375 1538 sacer
1448 1503 1453 1513 ¹

147 1579 235 1644 intra
258 1599 317 1645 uos
342 1579 474 1664 spiritus
498 1578 599 1664 sedet,
629 1580 783 1645 malorum
812 1581 1031 1662 bonorumque
1058 1585 1240 1645 nostrorum
1267 1579 1374 1645 obscr-

146 1692 250 1770 vator,
275 1686 329 1770 [et]
354 1692 473 1754 custos.
572 1685 607 1752 Si
631 1686 689 1752 tibi
713 1687 888 1753 occurrerit
909 1687 1046 1752 vetustis
1069 1686 1237 1751 arboribus
1265 1694 1298 1752 et
1325 1707 1373 1753 so-

147 1793 240 1859 litam
274 1792 478 1860 altitudinem
510 1793 652 1877 egressis
685 1793 836 1878 frequens
871 1797 957 1860 tucos
977 1800 1022 1859 et
1053 1800 1260 1878 conspectum
1291 1794 1374 1860 caeli

147 1921 308 1966 ramorum
346 1900 482 1966 aliorum
519 1901 602 1967 alios
638 1901 876 1986 protegentium
913 1901 1025 1966 umbra
1067 1901 1275 1968 submovens:
1317 1901 1375 1966 illu

148 2008 329 2094 proceritas
353 2008 457 2074 silvae
480 2014 512 2074 et
534 2017 683 2074 secretum
709 2011 766 2074 loci
789 2015 821 2073 et
845 2007 1016 2082 admiratio
1039 2009 1172 2074 umbrae
1201 2008 1234 2072 in
1263 2015 1375 2093 aperto

148 2123 217 2181 tam
250 2114 373 2182 densae
405 2120 503 2198 atque
535 2116 706 2181 continuae
730 2117 828 2198 fidem
861 2117 914 2180 tibi
944 2118 1080 2179 oriminis
1104 2118 1195 2199 facit.
1221 2152 1263 2162 -
1293 2116 1375 2180 conl.

148 2223 232 2290 Pliu.
262 2243 293 2290 n.
318 2221 348 2290 b.
373 2221 437 2286 ΧΠ
451 2225 486 2288 3:
515 2222 605 2287 Haec
633 2222 723 2288 fuere
750 2222 913 2288 numinum
942 2220 1078 2306 templa,
1108 2222 1281 2307 priscoque
1312 2223 1375 2287 ritu

150 2328 312 2414 simplicia
336 2349 409 2394 rura
433 2329 633 2394 etiamnunc
655 2328 716 2394 deo
735 2328 988 2413 praecellentem
1008 2329 1153 2394 arborem
1173 2328 1292 2394 dicant.
1316 2350 1376 2395 neo

149 2436 258 2520 magis
282 2455 360 2501 ouro
384 2435 543 2520 fulgentia
565 2443 663 2519 atque
687 2437 783 2501 ebore
808 2435 983 2502 simulacra
1005 2455 1102 2519 quam
1121 2435 1211 2502 lucos
1231 2442 1264 2501 et
1283 2437 1315 2501 in
1334 2437 1376 2502 iis

149 2543 282 2611 silentia
304 2543 377 2630 ipsa
400 2541 583 2612 adoramus.

240 2760 276 2823 T.
302 2758 408 2824 Germ.
432 2761 485 2825 34.
514 2764 567 2825 ll:
592 2759 800 2843 sanctiusque
825 2778 864 2824 ac
887 2759 1086 2825 reverentius
1109 2760 1214 2825 visum
1233 2758 1274 2825 de
1293 2760 1376 2825 actio

150 2868 279 2931 deorum
301 2868 425 2931 medere
448 2885 544 2949 quam
569 2867 660 2934 scire.

242 2972 275 3039 S.
300 2972 358 3057 Ep.
375 2976 428 3039 95.
444 2976 501 3040 50:
522 2974 648 3040 Primus
673 2981 723 3039 est
746 2976 872 3038 cicorum
895 2973 1001 3039 cultus
1024 2975 1097 3039 deos
1119 2975 1251 3038 credere.
1278 2972 1375 3055 (cont.

149 3080 211 3165 Ep.
242 3082 310 3146 102.
336 3082 379 3158 2).

241 3291 401 3371 Qualem
424 3295 546 3360 virum
570 3296 787 3381 sapientem
814 3295 976 3361 Tacitus
1005 3295 1129 3360 animo
1158 3293 1236 3362 sibi
1263 3293 1377 3359 ettin-

150 3399 269 3485 xerit,
293 3420 334 3466 ex
356 3400 475 3486 libello,
503 3402 558 3485 qui
582 3400 624 3468 de
646 3403 715 3467 vita
739 3410 771 3469 et
799 3402 942 3468 moribus
965 3401 1039 3467 iulii
1066 3402 1240 3486 Agricolae
1267 3400 1377 3467 inseri-

150 3509 245 3591 bitnr,
269 3507 365 3574 facile
389 3514 439 3575 est
462 3508 506 3573 ud
530 3508 845 3594 deprehendendum.
893 3510 1070 3593 Imaginem
1090 3509 1175 3574 enim
1199 3508 1293 3574 huius
1316 3507 1377 3572 riri

150 3616 340 3683 Annaeanis
364 3615 510 3701 depinxit
533 3616 702 3702 coloribus,
722 3617 769 3681 itu
789 3623 823 3682 ut
841 3636 891 3703 eo,
911 3636 996 3701 quae
1012 3616 1137 3683 Seneca
1152 3616 1290 3701 sapienti
1308 3615 1377 3680 viro

149 3722 303 3789 facienda
326 3723 536 3809 praeceperit,
560 3723 641 3791 baec
664 3724 850 3808 Agricolam
873 3722 992 3791 secisse
1014 3724 1148 3789 Tacitus
1172 3722 1288 3789 tradat.
1328 3721 1376 3786 Ex

149 3829 267 3899 eodem
286 3829 396 3897 libello
412 3832 637 3915 cognoscimus
656 3832 806 3898 Tacitum
830 3850 879 3917 ea,
902 3850 1001 3914 quae
1021 3830 1068 3897 de
1087 3830 1299 3896 animarum
1318 3848 1378 3894 ae·

150 3936 341 4004 ternitate
364 3944 402 4004 et
424 3945 655 4004 mortuorum
675 3940 780 4005 cultu
800 3940 946 4015 senserit,
964 3958 1004 4005 ex
1029 3942 1208 4005 Annaeana
1231 3936 1379 4003 doctrina

148 4044 311 4111 hausisse.

245 4153 277 4221 S.
302 4153 361 4238 Ep.
389 4156 437 4221 14.
462 4156 496 4219 l:
531 4154 645 4237 ltaque
668 4154 799 4239 sapiens
823 4173 996 4236 numquam
1019 4153 1196 4239 potentium
1222 4157 1288 4217 iras
1304 4174 1378 4236 pro

149 4262 276 4327 oombit.
300 4260 395 4326 immo
417 4259 607 4339 declinabit,
627 4282 691 4327 non
710 4262 804 4327 aliter
822 4281 918 4345 quam
938 4262 971 4327 in
991 4259 1175 4345 navigando
1193 4258 1378 4345 procellam.

241 4368 279 4436 Τ.
305 4368 412 4451 Agrie.
436 4371 490 4435 42.
519 4372 572 4435 15:
597 4368 774 4434 Domitiani
796 4388 873 4435 vero
897 4376 1012 4434 natura
1040 4386 1198 4453 praeceps
1225 4367 1258 4431 in
1287 4369 1377 4449 tram,

150 4482 271 4559 etque
295 4474 474 4559 obscurior,
503 4494 541 4541 eo
570 4476 830 4560 inrevocabilior,
857 4474 1081 4542 moderatione
1107 4480 1215 4540 tamen
1241 4471 1379 4559 pruden-

148 4584 262 4667 tiaque
293 4582 466 4667 Agricolae
500 4583 693 4668 leniebatur,
726 4584 802 4667 quia
830 4604 895 4649 non
925 4582 1130 4648 contumacia
1156 4600 1262 4669 neque
1290 4579 1379 4649 inani

149 4691 329 4758 iactatione
352 4690 511 4773 libertatis
536 4691 654 4756 samam
679 4690 844 4775 latumque
863 4692 1057 4775 provocabat.
