3459 5200
835 419 879 486 33

750 508 964 520 ...ι-

819 724 840 803 5
864 719 903 789 V.

544 862 592 943 lte
620 862 688 943 tide
716 862 985 987 archetyporum
1015 860 1042 941 Χ
1070 860 1106 940 et
1134 858 1171 939 Υ.

335 1042 450 1121 Qualis
474 1044 565 1129 origo
589 1036 768 1128 nexusque
785 1043 934 1110 codicum
958 1042 1012 1126 qui
1037 1048 1149 1109 extant
1177 1041 1219 1107 sit
1242 1040 1394 1124 quoniam
1418 1058 1470 1105 ex·

246 1152 421 1238 posuimus,
444 1159 547 1219 restat
569 1158 604 1217 ut
624 1170 689 1236 qua
703 1152 757 1217 via
781 1150 959 1235 archetypa
972 1149 1004 1214 X
1018 1148 1094 1215 etY
1116 1154 1343 1233 recuperentur
1366 1153 1471 1213 osten·

247 1259 373 1327 damus.
420 1260 467 1326 Ao
499 1259 636 1347 primum
667 1257 797 1342 quidem
829 1256 996 1343 archetypi
1025 1256 1056 1321 X
1088 1254 1245 1321 memoria
1269 1252 1322 1321 vel
1350 1252 1471 1319 discor·

247 1367 400 1434 dantibus
423 1366 538 1433 sete
564 1351 661 1435 iacile
682 1364 871 1444 restituitur,
897 1383 968 1430 oum
985 1362 1206 1430 Vaticanush
1229 1358 1472 1428 accuratissime

248 1473 387 1559 scriptus
419 1480 453 1540 et
484 1494 524 1541 ex
557 1474 690 1540 arbitrio
723 1472 847 1538 librarii
881 1469 1047 1539 rarissime
1079 1476 1222 1537 mutatus
1255 1488 1334 1536 suae
1362 1473 1472 1536 sectae

247 1582 341 1649 testis
372 1581 526 1649 Leidensi
563 1580 717 1666 integrior
754 1579 935 1647 censendus
968 1581 1019 1647 sit.
1071 1578 1206 1647 Accedit
1241 1575 1329 1663 quod
1365 1574 1472 1641 dubiis

246 1690 356 1757 rebus·
371 1689 505 1756 alterius
533 1687 678 1757 familiae
706 1688 836 1756 codices
864 1688 916 1755 vel
941 1687 1101 1755 Vaticano
1124 1688 1154 1753 A
1181 1686 1232 1753 vel
1256 1684 1408 1753 Leidensi
1436 1702 1472 1749 se

247 1797 473 1883 emungentes,
498 1805 569 1865 uter
589 1797 662 1864 libri
681 1796 712 1863 X
736 1797 915 1883 scripturas
938 1796 1122 1863 accuratius
1138 1796 1324 1880 servaverit,
1348 1794 1473 1861 sincere

248 1910 416 1973 testantur.

338 2011 376 2078 In
398 2011 597 2079 restituendo
622 2031 698 2078 vero
720 2010 751 2077 Y
775 2011 1041 2079 dissentientibus
1064 2010 1159 2078 huius
1183 2016 1294 2077 sectae
1317 2006 1472 2095 exemplis

247 2118 382 2205 primum
411 2139 451 2186 ex
475 2138 634 2187 consensu
662 2118 811 2186 ecdicum
833 2119 904 2203 EV,
937 2116 1014 2203 quid
1036 2140 1085 2205 y„
1114 2117 1259 2185 codicum
1285 2115 1366 2183 OhD
1395 2113 1502 2203 quid

247 2248 283 2312 y,
311 2225 491 2293 exhibuerit
515 2225 719 2293 efficiendum
743 2234 802 2296 est.

335 2333 464 2401 Deinde
491 2341 527 2400 ut
553 2333 765 2422 archetypum
788 2333 818 2398 Y
841 2333 1062 2420 restituamus,
1090 2333 1132 2399 ab
1160 2331 1263 2398 altera
1291 2330 1415 2397 familia
1442 2328 1473 2393 X

249 2438 404 2507 auxilium
431 2448 589 2528 petamus.
637 2442 827 2527 Ubicunque
855 2442 939 2508 enim
967 2441 1067 2507 libros
1089 2439 1225 2524 ABEV,
1257 2437 1309 2505 vel
1331 2433 1472 2504 ΑΒΟΔΙ)

249 2548 431 2616 consentire
453 2547 610 2634 videmus,
634 2549 731 2616 etiam
755 2548 934 2637 archetypa
953 2549 985 2615 X
1000 2547 1075 2615 etY
1099 2545 1303 2616 consensisse
1326 2551 1471 2634 apparet.

247 2656 299 2722 Ita
322 2656 512 2723 auctoritate
536 2656 753 2743 exemplorum
774 2656 903 2740 ABEV²
931 2657 983 2724 vcl
996 2653 1137 2722 ABOAD
1162 2654 1294 2723 easdem
1317 2653 1472 2722 lectiones

249 2762 466 2830 exhibentium
489 2763 736 2831 Henochianum
758 2765 957 2832 restituimus
982 2763 1172 2850 exemplum.

339 2870 463 2938 Ceteris
477 2891 554 2937 vero
568 2871 660 2950 locis,
685 2872 802 2956 quihus
826 2872 917 2939 varie
940 2870 1113 2940 discedunt
1134 2871 1209 2938 libri
1232 2868 1473 2956 manuscripti,

250 2977 398 3063 quaeda
422 2977 623 3046 secundariis
652 2978 852 3067 apographis
882 2999 980 3064 supra
1008 2979 1215 3064 exposuimus
1238 2977 1378 3064 respice:
1406 2975 1472 3041 iam

250 3086 468 3172 comparando
490 3092 522 3152 ct
541 3085 756 3152 examinando
779 3094 813 3153 te
837 3085 915 3171 quid
939 3087 972 3152 in
991 3085 1177 3171 archetypis
1200 3085 1296 3152 fuerit
1318 3083 1472 3170 scriptum

251 3195 489 3280 expiscaturmn
512 3213 586 3260 esse
609 3213 713 3280 spero.

337 3300 491 3379 Quaestio
514 3321 598 3367 nuno
622 3301 783 3369 suboritur
807 3302 949 3368 omnium
971 3301 1069 3386 longe
1091 3299 1296 3386 gravissima,
1317 3305 1421 3366 omum
1440 3298 1473 3366 X

248 3430 291 3476 an
313 3409 343 3474 Y
367 3408 532 3494 exemplar
555 3409 799 3477 Henochianum
827 3409 1014 3494 religiosius
1044 3409 1231 3476 servaverit.
1279 3405 1382 3486 Quam
1405 3427 1473 3474 rem

248 3517 465 3585 Baehrensius
496 3518 619 3605 primns
648 3519 681 3583 in
709 3516 961 3586 controuersiam
990 3516 1134 3597 deduxit,
1172 3536 1243 3584 cum
1276 3523 1388 3582 eontra
1414 3515 1472 3581 hli-

250 3624 395 3692 chaelem
418 3625 480 3690 hoc
504 3623 559 3689 illo
583 3626 802 3711 praestantius
825 3644 899 3693 esse
922 3623 1053 3694 diceret.

335 3731 407 3799 Utri
440 3731 683 3799 assentiendum
711 3733 754 3800 sit
781 3737 816 3800 ut
849 3731 1072 3818 diiudicemus,
1104 3729 1242 3798 abiectis
1274 3729 1472 3815 singulorum

248 3839 395 3906 codicum
423 3839 590 3925 scripturis
618 3841 836 3926 peculiaribus
860 3859 917 3907 cos
944 3839 1034 3906 looos
1061 3857 1311 3926 percenseamus
1337 3857 1472 3904 necesse

249 3953 308 4031 est,
335 3946 451 4030 quibus
473 3945 519 4028 X¹
535 3953 567 4014 et
589 3946 619 4012 Y
647 3947 731 4014 inter
757 3967 795 4014 se
824 3946 1029 4015 dissentiunt.
1075 3946 1346 4030 Redintegrantes
1374 3945 1474 4029 igitur

248 4053 360 4120 horum
388 4052 575 4120 memoriam
603 4055 779 4121 secundum
807 4074 879 4122 eam
902 4074 998 4139 quam
1026 4073 1126 4141 supra
1152 4053 1378 4140 proposuimus
1400 4071 1472 4118 nor-

247 4181 333 4227 mam
354 4161 387 4226 X
410 4168 442 4227 et
465 4161 495 4226 Y
517 4161 568 4227 his
591 4161 674 4230 locis
697 4161 820 4230 distare
842 4161 1036 4248 videmns21)

341 4357 360 4427 ¹)
379 4359 432 4414 Hic
450 4373 505 4414 non
529 4359 645 4429 respicio
663 4358 833 4414 familiarum
858 4359 1073 4430 discrepantiam
1097 4359 1127 4414 in
1146 4377 1196 4414 usu
1214 4358 1407 4430 pronominum
1427 4359 1473 4412 r‘lle

249 4453 277 4506 et
300 4454 349 4504 iste
366 4449 553 4507 manifestam.
590 4449 798 4505 Consentientes
821 4450 966 4518 utriusque
986 4453 1077 4506 sectae
1100 4449 1207 4506 codices
1229 4449 1312 4504 semel
1332 4451 1360 4504 ct
1378 4447 1472 4504 tricies

249 4539 418 4612 pronominis
437 4542 491 4608 alle,
514 4539 603 4596 decies
620 4539 789 4611 pronominis
808 4543 857 4594 istc
875 4539 975 4596 formas
995 4539 1139 4605 exhibeam
1160 4539 1263 4610 viginti
1281 4543 1387 4612 septem
1406 4540 1472 4596 loeis

248 4630 291 4684 ita
312 4629 488 4695 dinentinnt,
511 4633 544 4685 ut
566 4629 597 4684 in
619 4631 705 4686 clame
728 4629 753 4684 X
776 4633 832 4696 iata,
856 4629 886 4684 in
910 4629 936 4683 Y
958 4631 1004 4684 otte
1026 4629 1063 4684 sit
1085 4631 1239 4685 exaratum.
1275 4627 1344 4684 (inm
1367 4629 1471 4704 dialogi

248 4719 368 4774 editores
386 4718 439 4774 bac
457 4717 568 4787 quidem
591 4719 698 4774 ratione
715 4719 867 4788 archetypo
884 4718 909 4772 X
928 4717 1009 4775 iidem
1032 4719 1207 4789 abrogarent,
1228 4717 1372 4775 Michaelis
1389 4719 1471 4788 solus,
