3459 5200
731 365 773 430 43

173 570 359 635 rorantia
379 570 490 636 mella
511 570 704 636 sudarent
736 572 780 653 (v.
804 574 860 637 30:
893 574 923 635 et
943 569 1043 636 diuae
1063 588 1197 651 aceruis
1217 568 1378 635 sauna

173 680 295 748 roscida
315 681 419 766 meua)
442 732 449 747 .
473 734 481 749 .
505 734 512 748 .
541 687 570 748 et
596 704 681 762 aere,
714 682 742 747 si
768 680 820 764 fas
846 686 893 747 est
908 681 1074 767 praesepio
1092 680 1209 764 fictura
1229 681 1376 760 conicere,

173 792 359 859 iamdudum
394 815 527 860 astream
570 793 765 859 saeculum
806 799 979 859 ctcrrunt
1015 793 1107 876 fusa
1149 793 1377 859 Parcarum.

173 906 216 988 (v.
238 908 281 971 tt
304 928 368 990 sq.:
395 904 504 972 ‘Talia
524 900 636 973 saecla'
664 942 707 953 —-
734 904 802 971 suis
828 904 982 972 diaenmt
1003 943 1044 955 -
1063 901 1206 971 ‘currite'
1230 902 1314 987 -f
1354 904 1361 914 '

176 1016 347 1083 Caicordes
368 1017 471 1083 stabili
491 1017 632 1102 fatorum
652 1017 787 1083 numine
808 1017 953 1103 Parcae).

134 1166 265 1247 5‚1sq.:
286 1162 522 1245 beniquaniam
536 1163 738 1229 convenimus
772 1166 826 1231 VII
848 1166 936 1244 603:
969 1169 1115 1229 nostrum
1142 1169 1187 1229 est
1207 1162 1380 1247 pastorales

174 1274 261 1341 ambo
279 1275 285 1360 1
304 1279 341 1339 tu
362 1274 494 1341 calamos
517 1274 631 1357 instare
652 1274 735 1357 aevu,
813 1275 930 1357 inflare
944 1275 1085 1357 calamos,
1108 1281 1200 1341 tuam
1216 1273 1316 1341 sacris
1339 1274 1377 1339 ti·

172 1408 225 1472 epo
247 1386 347 1453 dicae
367 1408 489 1482 versas.¹
814 1387 873 1453 biis
894 1408 1021 1453 carmen
1042 1386 1193 1454 incinere.

133 1500 206 1577 6,69
229 1522 295 1583 sq.:
327 1499 382 1564 hos
409 1499 465 1565 tibi
490 1500 569 1565 dant
596 1498 736 1580 ammos,
772 1502 895 1581 1532:
935 1504 973 1564 ut
999 1498 1050 1564 iae
1073 1504 1184 1583 paster
1211 1496 1379 1579 Hesiodea,

174 1630 215 1675 en
228 1610 339 1694 accipe,
353 1632 470 1693 musae,
490 1610 494 1699 Ι
513 1610 648 1677 Ascraeo
661 1632 737 1693 actos
814 1632 905 1695 quem
928 1612 1051 1696 poetica
1082 1610 1179 1677 latera
1203 1610 1380 1675 Caesenatis

173 1726 249 1787 aaa
269 1722 338 1787 seni
361 1772 400 1790 ..
812 1722 937 1807 samnia
959 1722 1128 1789 carricavit.
1174 1725 1222 1790 cf.
1244 1746 1276 1808 p.
1304 1725 1351 1788 14.

132 1837 203 1915 247
228 1858 289 1920 sq.:
323 1834 389 1901 iam
414 1834 501 1901 verrit
530 1840 630 1901 aestas
649 1835 654 1923 Ι
674 1840 736 1899 tor-
771 1838 815 1902 IX
842 1839 930 1917 83‚1:
966 1840 1004 1900 ut
1037 1835 1141 1921 cipere
1175 1834 1381 1899 Praenestini

173 1947 255 2015 rae.
817 1946 983 2012 diversorii
1009 1945 1216 2032 stuprantiam
1244 1944 1382 2011 torridae

814 2058 943 2125 nauta
963 2058 1166 2124 mdicdmem.

132 2175 220 2253 8‚59:
254 2192 402 2257 praeceps
434 2170 515 2237 aerii
547 2168 669 2255 speucia
701 2170 738 2237 de
774 2194 821 2238 or.
844 2174 872 2236 Il
894 2174 949 2238 tt:
976 2169 1135 2236 mentium
1154 2169 1302 2254 speculas.

173 2284 289 2349 mentis
311 2312 352 2341 =
375 2286 440 2351 Cir.
464 2287 535 2350 301.

131 2400 204 2477 935
221 2418 286 2480 sq.:
313 2416 389 2461 nam
410 2394 627 2477 neqiceaethue
645 2394 738 2460 Varie
773 2398 877 2475 lists:
910 2415 963 2480 eqo
984 2398 1014 2459 te
1034 2394 1169 2461 nostri
1189 2394 1295 2460 uatis
1316 2414 1380 2459 ex-

174 2508 280 2573 videar
294 2528 351 2573 nee
366 2508 467 2575 dicere
480 2508 587 2573 Cinna
605 2508 611 2594 Ι
630 2508 737 2593 dipnu,
816 2506 933 2590 empto
954 2506 1046 2588 quasi
1066 2508 1204 2589 quadam
1225 2507 1288 2591 leae
1308 2528 1381 2571 cari-

174 2621 228 2687 sci
248 2627 376 2706 arputos
397 2620 483 2687 inter
497 2625 631 2705 strepere
645 2641 740 2686 anser
817 2619 926 2684 venie:
939 2617 1029 2683 ticeat
1043 2618 1130 2684 inter
1143 2619 1240 2685 oteres
1253 2639 1383 2686 curares

175 2733 278 2798 eures.
817 2750 961 2796 anserem
982 2735 1125 2813 strepere.

224 2906 274 2971 Ex
296 2906 528 2988 Georgicon
551 2904 662 2972 libriss

137 3045 232 3109 1147
263 3064 351 3128 sqq.:
390 3039 498 3124 prima
533 3040 624 3106 Ceres
654 3040 741 3124 ferro
776 3044 833 3108 rel.
848 3043 936 3120 3‚16:
958 3039 1151 3106 silvestribus
1164 3040 1302 3106 armastis
1316 3040 1383 3106 cita

175 3154 316 3220 mortuis
341 3157 460 3218 vertere
482 3158 598 3219 terram
623 3152 739 3238 tinsti-
812 3152 1003 3236 modicatur
1034 3157 1064 3217 et
1096 3173 1212 3218 mersus
1242 3151 1285 3217 aa
1316 3151 1383 3216 Do-

177 3267 256 3347 tute,
289 3287 360 3332 cum
392 3265 457 3332 iam
486 3265 617 3351 plaudes
648 3271 741 3349 atam
818 3265 954 3330 donaeas
980 3264 1104 3330 arbores
1126 3264 1225 3349 plebis
1246 3265 1383 3331 rusticae

176 3379 290 3444 arbuta
311 3399 418 3444 sacrm
435 3381 441 3462 Ι
460 3377 624 3458 deficerent
645 3378 741 3444 silvae
817 3375 927 3460 inopia
947 3376 1126 3443 unvamma

177 3495 207 3555 et
226 3489 345 3556 uictum
364 3489 499 3555 Dodona
519 3495 657 3574 neparet.
882 3491 886 3498 '

136 3604 241 3672 1159:
262 3622 471 3684 cmuessaque
491 3601 606 3686 famem
627 3601 665 3668 ia
686 3602 741 3668 sil-
778 3602 836 3667 rel.
852 3603 942 3681 3,17:
963 3601 1090 3683 arcanae
1111 3600 1149 3665 in
1170 3623 1266 3666 cisum
1286 3601 1384 3667 hani-

177 3714 226 3780 m’s
246 3714 379 3780 scatere
399 3733 525 3796 quercia
818 3732 899 3778 nam
920 3733 1073 3778 measse
1090 3713 1247 3797 quercus?

135 3829 249 3894 1250:
280 3847 398 3908 nesam
426 3825 480 3891 citi
502 3824 630 3908 primm
655 3824 742 3907 caecis
778 3828 902 3905 1953:
924 3846 974 3890 eos
1076 3825 1200 3892 anhelis
1220 3825 1384 3910 eqstmpte·

185 3937 440 4018 Orierisadflauit
450 3936 580 4002 anhelis.
598 3939 645 4003 Cf.
658 3938 740 4002 Aen.
819 3957 877 4002 nos
893 3937 1018 4002 scideris
1032 3936 1210 4022 etputveris
1218 3938 1306 4021 fama
1317 3938 1385 4003 beili

181 4054 208 4116 V
224 4053 285 4118 739
308 4052 368 4117 Ov.
383 4055 461 4116 met.
482 4051 522 4115 lV
536 4052 599 4116 633
616 4071 664 4133 sq.
684 4050 742 4115 XV
814 4054 887 4133 post
902 4054 1023 4134 terpum
1033 4050 1142 4115 relicta
1157 4048 1314 4115 indiciam
1328 4049 1383 4115 aa

178 4167 242 4232 418
265 4186 314 4249 sq.
817 4159 946 4243 sectasse
966 4162 1123 4227 trieterica.

137 4279 234 4344 '1278
257 4298 344 4361 sqq.:
369 4280 437 4340 tum
449 4279 550 4359 partu
566 4273 666 4340 Terra
687 4294 741 4340 ne-
779 4277 819 4340 cf.
843 4295 891 4341 or.
914 4275 941 4340 11
962 4277 1001 4339 m
1026 4295 1057 4357 p.
1081 4276 1111 4338 8.

177 4389 276 4472 saeida
305 4391 311 4472 Ι
341 4385 515 4471 Caeuurque
538 4386 744 4471 Iapetumque

180 4506 263 4567 aaut
294 4521 473 4583 saevarum
499 4499 644 4583 Typtieea
676 4499 681 4585 1
714 4504 744 4565 ct

181 4612 360 4680 coniuratos
409 4611 527 4680 Qum
568 4611 745 4678 rescindere

178 4725 304 4810 fratres.
329 4726 334 4810 Ι
354 4729 401 4791 ter
422 4729 500 4790 sunt
521 4724 624 4791 canati
645 4723 743 4809 impo-
