3459 5200
212 634 288 693 ante
315 628 425 695 oeulos
454 627 602 695 habuerit
631 627 674 691 ad
703 648 797 712 quem
828 627 1018 712 delegamnr
1045 629 1078 693 in
1103 628 1325 695 Antiatticista
1348 629 1438 714 apud

211 734 395 801 Belrliernm
423 735 455 800 in
484 736 543 803 An.
568 735 623 803 Gr.
647 735 711 801 vol.
734 734 751 798 Ι
777 738 848 817 108,
873 738 930 801 31:
960 740 1138 821 μαιεότριοιν·
1168 735 1235 802 ἀντὶ
1256 746 1308 801 τοῦ
1333 748 1440 823 ροιῖαν·

211 840 370 929 Σοφοκλῆς
398 841 584 926 Ἀλεξάνδρῳ
617 842 727 925 (bg.
750 844 794 908 95
827 842 915 926 apud
947 844 1030 924 Aug.
1062 843 1192 927 Nauck,
1226 844 1439 927 Tragioornm

212 948 327 1017 Graec.
352 949 466 1033 fragm.
492 949 568 1016 edit.
588 949 736 1026 alter).
774 948 1105 1015 Animadvertendum
1128 950 1213 1015 enim
1236 957 1288 1016 cst
1310 958 1343 1015 et
1364 950 1438 1015 loco

105 1076 106 1079 ¹
212 1054 392 1140 Sophocleo
421 1062 453 1122 et
483 1055 656 1139 Ignatiano
689 1056 870 1121 accusativi
900 1056 1076 1139 singularis
1109 1056 1244 1122 formam
1271 1060 1441 1144 μοιιότριαν

211 1162 365 1227 traditam
389 1181 462 1228 esse
486 1170 518 1227 et
540 1162 574 1227 in
589 1161 650 1225 hac
664 1182 744 1227 voce
758 1162 866 1228 inesse
880 1162 946 1226 rim
961 1163 1125 1241 ,nutricis‘,
1140 1182 1204 1228 non
1220 1163 1437 1248 yobstetricis‘.

210 1268 335 1335 Eodem
358 1267 430 1334 loco
454 1268 635 1354 Sophocleo
660 1268 810 1333 videntur
831 1269 933 1333 verba
956 1270 1080 1353 ἀρδεόον
1102 1268 1181 1355 ὕδωρ
1209 1271 1282 1355 ipsa
1310 1289 1438 1353 quoquc

211 1376 333 1441 tradita
357 1395 444 1456 essm
468 1394 552 1459 quac
571 1374 720 1459 Ignatius
744 1375 873 1459 integra
896 1377 1101 1461 transcripsit
1123 1377 1284 1463 particula
1307 1375 1437 1463 ὥστερῑ)

212 1482 335 1567 addita,
360 1482 511 1565 quoniam
534 1482 723 1565 Byzantinis
747 1483 876 1565 legibus
899 1483 1041 1548 metricis
1066 1504 1129 1549 non
1153 1483 1368 1550 satisfaciunt.

300 1609 381 1673 Item
408 1606 651 1673 Theodosius
678 1614 961 1691 proparoxytonon
989 1608 1181 1681 vocabulum
1209 1609 1356 1674 consulto
1380 1608 1437 1673 ad·

211 1716 300 1781 misit
322 1715 356 1779 in
379 1714 442 1779 fine
465 1734 578 1780 versus

301 1825 330 1898 3,
356 1824 398 1889 66
427 1819 480 1907 οὓς
502 1818 518 1884 ὁ
542 1826 665 1905 στρατός
689 1843 742 1885 τοο
764 1828 916 1905 καρτερῶν
941 1820 1154 1896 ἀσπάζεται,

212 1928 298 2014 quod
331 1928 391 1993 hoc
427 1946 522 1993 versu
559 1926 666 1992 finitur
702 1927 863 2012 copiosior
895 1935 993 2011 atque
1027 1928 1197 1993 excitatior
1228 1929 1438 2013 imperatoris

212 2037 317 2102 oratio
340 2033 562 2121 precatoria.²)

302 2159 503 2227 Coniecturis
527 2156 688 2225 emendati
712 2165 786 2223 sunt
809 2178 940 2225 versus:

305 2293 331 2364 l,
359 2286 421 2351 159
453 2286 562 2370 βουλὴν
587 2286 811 2367 σννηθροὶζοντο
834 2287 887 2369 τὴν
911 2279 1140 2349 αἶντόιιτονον.

212 2390 436 2459 αὐτοκτόνων
465 2399 554 2456 recte
583 2390 663 2458 coni.
688 2388 855 2457 Cornelius
886 2391 1142 2475 approbantibus
1163 2389 1379 2457 Boissonadio
1403 2393 1438 2457 in

212 2501 271 2565 An.
295 2500 350 2566 Gr.
375 2499 438 2566 vol.
458 2498 473 2561 I
496 2520 527 2583 p.
543 2500 610 2564 460
633 2504 665 2562 et
688 2496 713 2563 Ι.
734 2496 772 2561 G.
793 2497 941 2580 Brambs‚
966 2494 1007 2561 cle
1030 2496 1223 2562 auctoritate
1246 2497 1437 2581 tragoediae

213 2607 477 2674 Christianae...
508 2605 635 2690 Χριστὸς
658 2610 785 2691 πάσχων
809 2625 841 2690 p.
866 2605 919 2670 53.

301 2735 331 2816 3,
356 2735 394 2797 'll
429 2730 471 2804 ὡς
493 2729 523 2796 ἐν
546 2730 623 2815 inputo
647 2741 706 2802 πᾶς
729 2729 764 2816 tp
786 2735 878 2801 τόπος
900 2729 1107 2818 Ειφήφορος.

212 2842 413 2928 ξιφηφόρος
448 2858 508 2904 scr.
542 2837 592 2901 l'r.
625 2835 757 2918 lacobs3
795 2835 835 2900 of.
871 2835 1019 2919 llilberg,
1056 2836 1186 2922 Princip
1219 2834 1277 2900 der
1309 2836 1435 2901 Silben·

213 2965 373 3029 waegung
396 2965 426 3030 p.
452 2946 526 3010 272.

301 3073 332 3154 4,
359 3072 421 3136 112
454 3073 506 3134 καὶ
529 3071 566 3154 δὴ
591 3069 752 3153 δραμόντες
774 3066 907 3135 ἱππόται,
931 3069 1154 3152 πεζόδροροι.

212 3180 424 3264 τεζοδρόροι
447 3182 535 3241 recte
558 3174 640 3240 coni.
664 3173 900 3240 Boissonadius
923 3174 956 3238 in
979 3175 1039 3238 An.
1065 3173 1119 3239 Gr.
1143 3172 1207 3238 vol.
1231 3173 1247 3238 1
1270 3195 1303 3257 p.
1317 3175 1395 3240 460.

302 3300 432 3367 Codicis
456 3300 551 3365 lectio
576 3298 803 3364 commutanda
827 3318 890 3363 non
914 3307 977 3364 est:

305 3415 332 3492 l,
357 3409 422 3474 260
454 3405 564 3479 Κόζοιε
588 3409 800 3492 οονθρήνηοον,
824 3403 844 3492 ἡ
868 3411 1034 3492 κενοιορὲνρ

453 3513 558 3601 Κρήτη
581 3517 726 3578 παθοῦσα
749 3516 904 3600 συμφορὰς
925 3511 1160 3596 ἰσοκρότοος·

451 3626 498 3687 ool
521 3626 578 3706 γὰρ
602 3623 730 3691 παλαιός
753 3621 821 3692 τοὺς
844 3626 953 3707 φόνους
977 3617 1176 3703 Μιθριδάτης,

451 3735 517 3800 νέος
539 3753 572 3812 γε
595 3729 688 3810 ταότῃ
711 3725 864 3813 Ῥωροτνὸς
887 3729 988 3791 olea
1010 3732 1126 3813 φόνους.

211 3835 421 3921 ἰσοκρατεῖς
445 3836 526 3900 coni.
553 3833 721 3900 Cornelius
745 3853 808 3898 non
831 3833 1033 3917 improbante
1060 3832 1113 3899 Fr,
1137 3831 1269 3912 Iacobs3
1303 3830 1362 3897 sed
1390 3832 1439 3896 sic

214 3941 424 4030 explicandus
458 3949 508 4008 est
535 3941 641 4008 loeus:
675 3939 807 4006 easdem
841 3939 1057 4022 calamitates,
1086 3958 1171 4021 quae
1198 3936 1287 4003 velut
1314 3958 1439 4003 venena

213 4050 382 4135 Cyzicenis
404 4049 524 4114 mixtae
547 4056 630 4126 sunt,
654 4047 854 4131 pertulerunt
870 4045 1051 4112 Cretenses.
1081 4045 1129 4111 De
1147 4051 1297 4129 correpta
1311 4043 1442 4127 syllaba

215 4163 289 4216 KPA
317 4157 356 4222 ei.

304 4268 331 4343 1,
356 4265 398 4331 29
431 4260 509 4341 ἀλλ’,
533 4261 558 4326 ὦ
582 4270 750 4348 στρατηγῶν
774 4259 790 4324 ὁ
814 4265 959 4347 κρατὴρ
982 4257 998 4324 ὁ
1023 4263 1157 4347 μιγνόιον.
1221 4311 1228 4334 .

213 4371 316 4438 Aliter
340 4369 493 4456 explicuit
515 4369 685 4435 lectionem
708 4367 886 4453 ἱσονράτοος
904 4365 1137 4432 Boissonadius
1152 4367 1184 4430 in
1200 4355 1259 4446 lin.
1274 4365 1329 4430 Gr.
1345 4363 1407 4429 vol.
1424 4364 1441 4428 1

357 4527 406 4534 0—-

306 4622 325 4686 ¹)
355 4623 394 4676 De
414 4639 469 4690 qna
488 4619 625 4690 particula
644 4619 677 4673 cf.
697 4617 823 4672 Muelleri
841 4621 947 4671 notam.

306 4711 327 4778 ²)
355 4711 453 4779 Itaque
470 4727 525 4764 non
543 4711 619 4763 recte
638 4707 754 4762 offendit
772 4706 802 4761 in
821 4706 872 4760 boo
891 4707 949 4760 loco
968 4705 1085 4760 Mueller
1103 4705 1122 4758 1.
1141 4705 1159 4758 l.
1179 4721 1204 4773 p
1225 4705 1259 4757 12
1278 4702 1341 4756 adn.
1360 4703 1386 4756 4.
