3459 5200
773 344 813 417 51

856 559 945 627 modo
966 560 1072 646 optutu
1092 552 1270 645 fortunent,
1292 549 1425 627 odotem

856 672 905 739 rei
936 673 1080 759 publicae
1117 673 1156 740 in
1188 673 1284 741 solido
1315 674 1423 741 ment.

856 787 884 851 11
905 788 992 867 480:
1036 786 1129 852 mum
1151 786 1331 872 benipnitoe
1351 786 1426 852 uelit

850 920 1032 982 processum
1053 898 1203 965 mutuus
1225 898 1294 964 eicis
1315 897 1355 965 in
1375 921 1423 965 so·

856 1010 922 1086 lion
941 1011 1108 1079 conlocare.

170 1144 214 1209 XI
235 1144 313 1209 812:
335 1139 478 1207 conscim
498 1138 628 1207 aimone
648 1136 735 1221 sacti.
814 1142 854 1205 lv
866 1144 923 1206 48:
946 1140 1100 1223 mercidem
1113 1139 1192 1224 facti
1206 1139 1337 1207 ormocie
1351 1160 1423 1206 con-

856 1252 941 1317 seim
961 1252 1179 1319 imminentem
1192 1272 1330 1338 poenom
1350 1252 1424 1319 tote-

858 1366 991 1433 brorum
1011 1366 1125 1433 oitooit
1145 1365 1271 1453 effupio.

169 1499 226 1563 ΧΠ
242 1499 298 1563 59:
321 1494 360 1561 in
381 1500 410 1560 te
430 1492 535 1560 munis
556 1493 666 1559 domus
687 1490 778 1557 incli-
815 1497 904 1562 177:
927 1496 1004 1578 greio
1098 1496 1137 1561 in
1151 1501 1181 1561 te
1195 1496 1293 1563 brrius
1306 1495 1426 1582 nepotii

212 1613 292 1674 noto
313 1606 473 1673 recumbit.
857 1628 926 1691 spes
945 1607 1106 1674 recrrmbit.

170 1722 228 1787 XII
252 1722 327 1786 179:
361 1718 427 1785 ium
447 1717 564 1799 metim,
594 1716 670 1799 ium,
695 1714 779 1797 dion,
814 1722 855 1786 111
871 1722 938 1801 53:
961 1720 1015 1787 sed
1035 1719 1217 1803 curoegnis
1237 1724 1424 1786 mumcon·

208 1854 329 1917 precor.
857 1831 1034 1899 dicionibus
1047 1832 1186 1919 operum
1199 1832 1308 1898 melior
1318 1854 1424 1900 corno.

170 1947 228 2013 XII
251 1947 327 2011 007:
361 1942 441 2011 bont
461 1940 567 2009 nescio
589 1959 715 2022 rerum·
738 1943 779 2008 ct.
815 1946 856 2009 VI
879 1948 966 2025 063:
990 1944 1079 2010 tronto
1100 1965 1211 2011 rerum
1231 1944 1366 2013 nescim.

216 2060 276 2125 Or.
299 2059 368 2123 her.
395 2058 519 2137 term.

171 2172 228 2237 ΧΠ
242 2172 320 2236 471:
343 2167 500 2237 undantis
516 2166 780 2251 flectitbobenos3
815 2169 856 2234 IV
879 2170 967 2249 61‚3:
1005 2168 1126 2250 flectere
1146 2169 1189 2235 od
1209 2189 1268 2235 nos
1289 2168 1426 2235 imbenos

215 2285 256 2349 ci.
280 2285 339 2350 Or.
362 2287 440 2349 met.
463 2283 490 2348 11
515 2282 575 2347 169
599 2282 682 2347 Stat.
707 2281 779 2345 silv.
858 2280 987 2367 tonpum
1003 2281 1137 2365 putasti.

213 2398 241 2461 V
266 2397 335 2475 1‚37
360 2445 367 2461 .
391 2444 399 2462 .
422 2444 430 2462 .

171 2508 228 2573 XII
265 2510 342 2573 800:
382 2506 588 2591 precibusque
623 2504 781 2587 inflectere
815 2508 870 2571 VH
885 2509 941 2573 56:
960 2504 1106 2589 precibus
1118 2504 1205 2585 meis,
1220 2508 1259 2571 ut
1271 2526 1337 2570 mos
1349 2509 1425 2570 treus

213 2620 341 2686 nostris.
853 2619 1021 2704 promittit,
1044 2617 1210 2701 inflectere.

257 2785 306 2850 Ex
328 2787 499 2851 Moreto:

173 2925 228 2990 70:
251 2921 439 2988 committere
459 2921 582 2988 seruino
604 2925 714 2988 terrm.
815 2925 953 3002 usur:
990 2943 1062 2986 cum
1093 2919 1210 2986 sterilis
1241 2941 1352 2986 onnus
1383 2939 1425 2985 ne

857 3034 980 3099 semino
1000 3033 1126 3116 prrutem
1148 3031 1242 3098 terris
1263 3031 1425 3098 wmmisso

858 3145 1041 3213 redonnus.

256 3343 375 3409 Restat
389 3348 427 3409 ut
440 3345 555 3427 paucis
573 3345 613 3410 de
629 3365 750 3428 genere
767 3347 965 3413 imitationis
988 3365 1164 3428 exponam.
1200 3345 1423 3428 Hieronymus

172 3457 302 3540 integra
324 3457 443 3522 afferre
466 3461 585 3540 poetae
608 3459 710 3522 verba
733 3459 828 3538 solet,
857 3459 1078 3542 Symmachus
1101 3478 1170 3522 non
1198 3457 1295 3522 aliter
1323 3461 1423 3540 atque

171 3570 368 3634 Ambrosius
404 3589 443 3634 ea
477 3589 561 3652 quae
594 3591 614 3634 a
646 3575 747 3653 poeta
779 3575 950 3636 mutuatur
983 3571 1030 3634 ita
1063 3590 1139 3635 cum
1176 3591 1237 3635 sua
1269 3570 1422 3634 oratione

172 3683 326 3760 conectit,
360 3685 396 3746 ut
419 3681 611 3746 difficillime
635 3683 850 3767 eliciantur.¹)
895 3681 987 3762 Quae
1011 3684 1096 3748 ratio
1124 3683 1243 3747 eximie
1266 3682 1424 3746 convenit

172 3795 212 3874 ei,
236 3795 291 3878 qui
315 3794 464 3859 eruditus
488 3795 577 3877 apud
600 3793 748 3860 eruditos
771 3795 875 3861 verba
897 3795 1023 3860 iaciens
1046 3814 1186 3860 necesse
1209 3814 1278 3859 non
1300 3793 1424 3859 habeat

171 3905 274 3989 digito
296 3908 416 3988 poetae
439 3906 541 3970 verba
563 3911 762 3986 monstrare,
785 3927 901 3972 verum
924 3912 1123 3972 ornamenta
1144 3905 1279 3988 scriptis
1295 3905 1423 3970 intexta

172 4019 285 4082 stetim
308 4038 328 4082 a
349 4019 518 4102 plerisque
542 4019 700 4102 cognosci
724 4020 816 4084 sciat.

647 4223 699 4290 lX.
744 4225 949 4291 Horatius.

256 4351 378 4446 Omnia
406 4382 477 4446 iere
506 4382 676 4464 congessit
703 4381 847 4460 Mitem,
880 4381 1034 4446 analecta
1066 4378 1109 4444 ad
1144 4378 1330 4444 carminum
1352 4377 1421 4443 Ho-

171 4495 378 4560 ratianorum
401 4494 578 4562 historiam
601 4494 651 4558 IV.
675 4493 744 4558 ind.
767 4493 843 4558 lect.
867 4493 956 4558 Vrat.
983 4493 1066 4556 1880
1087 4512 1118 4574 p.
1144 4493 1194 4556 10.

260 4737 279 4806 ¹)
298 4735 338 4791 Ci.
356 4737 467 4791 Lssbeck
485 4754 511 4806 p.
532 4737 582 4791 168
599 4751 661 4804 sqq.
698 4734 758 4788 ihm
775 4751 802 4804 p.
821 4735 863 4788 83.
