3459 5200
229 1418 359 1515 Novum
386 1449 500 1515 harum
520 1412 789 1535 philologicarum
811 1449 1113 1516 commentationum
1141 1449 1276 1525 fascicu-

157 1575 224 1639 lum
252 1574 340 1641 foras
362 1576 489 1642 mittere
512 1596 575 1641 non
598 1596 781 1661 possumus,
805 1576 882 1659 quin

378 1786 639 1874 Guilelml
667 1786 1055 1885 Studemundl‚

156 1985 219 2049 viri
244 1985 378 2069 egregii,
402 1987 589 2052 memoriam
608 1987 662 2072 pie
677 1994 835 2071 grateque
849 1986 1039 2055 recolamus.
1078 1986 1169 2053 cuius
1191 2007 1278 2052 mors

158 2111 301 2178 maxime
329 2110 447 2177 ilebilis
476 2113 574 2178 etiam
602 2111 677 2178 huic
702 2113 792 2198 operi
821 2112 1047 2179 detrimentum
1070 2110 1157 2178 haud
1180 2111 1278 2177 facile

158 2236 436 2303 reconciliandum
460 2236 575 2303 intulit.
611 2258 717 2321 neque
741 2239 825 2303 enim
850 2238 953 2305 solum
978 2238 1011 2303 in
1033 2237 1144 2323 primis
1167 2242 1278 2301 auctor

154 2362 227 2441 fuit,
255 2370 291 2427 ut
318 2362 604 2428 commentationes
632 2362 824 2448 optimarum
852 2364 1029 2430 litterarum
1054 2383 1195 2428 amorem
1223 2361 1278 2446 qui

154 2496 247 2555 esset
267 2486 530 2555 adulescentibus
554 2487 682 2554 Silesiis
705 2488 975 2575 disciplinamque
989 2488 1278 2555 Vratislaviensem

154 2621 317 2682 testantes
340 2614 569 2699 colligerentur
591 2620 624 2680 et
647 2613 708 2680 hoo
737 2635 830 2700 noro,
861 2616 890 2682 si
913 2615 983 2681 fieri
1006 2623 1126 2701 posset,
1152 2616 1277 2681 viuculo

155 2748 389 2828 praeceptores
442 2740 683 2826 gymnasiomm
731 2761 802 2806 oum
843 2741 932 2806 alma
972 2748 1075 2807 matre
1121 2721 1278 2807 Viadrina

158 2868 450 2950 coniungerentur,
480 2864 540 2933 sed
568 2865 666 2930 etiam
694 2865 813 2930 multas
845 2864 973 2932 illarum
1002 2867 1156 2934 excitavit
1183 2873 1281 2950 atque

152 2993 326 3081 promovit,
356 3012 466 3059 omnes
498 2992 653 3075 obsequio
686 2990 744 3056 otii
779 2991 854 3075 quin
889 2993 986 3058 etiam
1015 3012 1119 3078 paene
1152 2993 1279 3058 animae

152 3120 294 3207 prodigo
304 3124 495 3205 prosecutus
508 3124 559 3183 est
573 3117 893 3201 ouranunquamsibi
904 3117 1135 3185 satisfaciente
1146 3118 1279 3185 editoris

151 3267 270 3314 munus
293 3245 531 3312 administrans.
578 3263 643 3327 qua
664 3241 889 3309 benevolentia
913 3249 1011 3328 atque
1034 3245 1279 3329 perseverantia

154 3382 193 3440 ut
222 3372 361 3437 omnium
385 3371 440 3454 qui
464 3389 536 3436 eam
560 3367 685 3455 experti
709 3374 783 3434 sunt
809 3368 935 3435 animos
960 3368 1023 3436 sibi
1047 3367 1204 3449 devinxit,
1233 3370 1280 3435 ita

152 3495 286 3564 virtutis
310 3494 452 3579 effigiem
475 3513 661 3560 mansuram
676 3492 815 3579 reliquit,
839 3514 937 3579 quam
960 3515 1021 3561 nos
1036 3516 1163 3580 semper
1186 3515 1280 3562 vene·

154 3621 300 3689 rabundi
323 3619 546 3706 suspiciemus.
