3459 5200
989 362 1031 427 ‘16

392 556 502 642 μορίας
526 562 558 622 et
586 555 895 641 antepaenultimarn
922 554 1150 622 vocabulorum
1177 557 1288 639 δικαία,
1314 556 1451 631 δικαίως,
1479 550 1607 639 ἷιπέλθης,

392 661 521 741 ἅπαντα,
546 665 702 738 θανόντες,
726 661 863 746 ἀκοῦσαι,
888 661 1009 739 ἆνῦσας,
1034 667 1148 748 σιινέζη,
1167 664 1311 746 βιοῦντας,
1331 658 1492 746 ῦπαιθρον,
1510 659 1607 744 duim,

392 773 547 854 παθοῦσα,
572 768 714 857 ἀνέτλης
739 767 779 833 ol.
795 769 1024 834 vocabulorum
1047 767 1235 852 indiculum,
1251 788 1345 851 quem
1361 767 1506 833 confecit
1519 768 1542 831 1.
1552 767 1608 831 llil

394 876 475 958 berg
496 876 518 941 l.
542 876 563 944 l.
587 897 620 961 p.
645 878 710 942 309
735 895 804 958 sqq.

483 980 550 1048 Sed
573 1001 669 1064 quam
693 989 845 1047 accurate
868 982 1027 1066 ignatius,
1051 981 1265 1065 Theodosius,
1288 981 1549 1066 christophorus,
1568 979 1608 1043 Io-

393 1108 498 1154 annes
521 1087 667 1172 syllabas
691 1087 935 1174 pensitaverim,
959 1088 1027 1154 alia
1049 1108 1177 1172 quoque
1199 1110 1235 1154 re
1258 1089 1475 1171 cognoscitur.
1512 1085 1608 1152 Ensis

391 1214 475 1278 quos
513 1214 612 1280 snpra
649 1195 969 1261 commemoravimus
1000 1195 1082 1261 locis
1115 1196 1260 1279 sequitur
1290 1195 1351 1260 hos
1383 1192 1609 1260 versificatores

390 1301 507 1366 mirum
540 1308 695 1384 quantum
726 1301 997 1369 animadvertisse
1029 1301 1177 1386 syllabas
1208 1301 1324 1367 finales
1356 1301 1458 1366 multo
1491 1300 1608 1365 minoris

392 1405 548 1492 ponderis
572 1426 765 1490 essequam
789 1415 916 1474 ceteras
943 1408 1171 1473 vocabulorum
1200 1407 1362 1492 syllabas,
1394 1427 1472 1472 nam
1506 1404 1609 1490 sylla-

396 1515 463 1580 bas
486 1512 647 1598 finales,
672 1533 770 1597 quae
794 1534 966 1579 consona
989 1513 1273 1579 determinatae
1296 1519 1399 1596 sunt,
1421 1513 1608 1597 Ignatinset

393 1619 643 1705 Christophorus
671 1640 844 1705 nmquam,
879 1620 1084 1688 Theodosius
1116 1628 1150 1686 et
1180 1621 1320 1686 Ioannes
1351 1619 1522 1687 rarissime
1549 1637 1608 1703 pro

259 1792 262 1796 .
390 1725 566 1808 duxerunt,
591 1725 632 1791 of.

481 1832 605 1898 Theod.
630 1835 660 1918 3,
686 1834 750 1900 206
773 1831 934 1918 Καῖσαρ,
958 1832 1131 1920 Ἀχιλλεὺς,
1156 1831 1303 1898 Μακεδὼν
1323 1838 1378 1898 καὶ
1399 1831 1542 1920 Πομπίος

391 1939 448 2022 qui
472 1958 584 2006 versus
608 1939 739 2024 insuper
764 1947 937 2006 excusatur
959 1940 1096 2006 molesta
1114 1940 1276 2005 nominum
1291 1939 1497 2024 propriorum
1512 1937 1605 2022 copia:

481 2044 604 2111 Theod.
630 2049 660 2124 4,
685 2047 727 2112 98
751 2047 781 2110 οἳ
803 2049 984 2119 πολλάκις
1006 2046 1126 2131 ἔβροξαν
1148 2043 1192 2118 εἰς
1214 2043 1302 2111 αὐτὸν
1325 2051 1402 2133 μέγα

480 2153 570 2217 Ioan.
599 2155 647 2230 16,
674 2155 691 2218 7
717 2151 792 2237 ἅπερ
815 2154 960 2218 διδάσκον
982 2151 1024 2228 εἰς
1046 2155 1284 2241 συναίσθησιν
1307 2151 1399 2234 ἄγεις.

390 2257 583 2324 Theodorus
606 2258 801 2326 Prodromus
825 2259 910 2325 tales
941 2259 1086 2344 syllabas
1113 2259 1229 2326 finales
1257 2260 1357 2324 multo
1385 2260 1521 2344 saepius
1546 2275 1604 2342 pro·

390 2363 485 2430 duxit
508 2372 591 2432 teste
615 2365 639 2429 I.
665 2365 800 2449 Hilberg
821 2365 844 2432 l.
870 2366 889 2430 Ι.
913 2387 944 2451 p.
969 2369 1044 2433 311.

483 2469 575 2548 Quae
598 2493 670 2537 oum
693 2473 740 2536 ita
764 2472 837 2556 sint,
862 2481 1112 2538 consentaneum
1137 2473 1372 2555 estIgnatium,
1387 2470 1603 2549 Theodosium,

391 2577 664 2665 christophorum,
698 2579 852 2645 Ioannem
877 2600 943 2646 eas
973 2578 1152 2665 syllabas
1180 2578 1324 2646 finales
1352 2599 1449 2663 quae
1480 2582 1605 2644 exeunt

390 2686 430 2751 iu
453 2694 653 2771 correptas
676 2685 838 2753 vocales
862 2691 944 2746 ΑΙΥ
968 2686 1146 2772 producere
1160 2687 1288 2752 omnino
1303 2687 1455 2752 noluisse.
1494 2686 1603 2750 Eivor·

391 2813 448 2859 sus
472 2793 587 2877 quibus
611 2793 769 2878 Ignatius,
795 2792 1009 2872 Theodosius,
1039 2794 1178 2858 Ioannes
1206 2794 1290 2858 hano
1313 2794 1418 2876 legem
1440 2791 1603 2857 violavisse

391 2898 571 2986 videntur1)
596 2899 705 2964 littera
728 2905 753 2958 ‘N
779 2900 981 2984 paragogica
1004 2899 1119 2965 addita
1147 2899 1302 2964 facillime
1331 2897 1543 2965 emendantur
1561 2893 1603 2959 vel

391 3007 434 3071 ab
459 3005 635 3072 editoribus
660 3005 822 3071 emendati
848 3014 938 3089 sunt3
963 3006 1022 3072 bos
1044 3006 1281 3072 versificatores
1304 3006 1339 3069 iu
1361 3024 1494 3071 numero
1509 3022 1601 3071 corun

391 3112 697 3197 iambographorum
720 3113 1003 3197 Byzantinoruml)
1027 3113 1137 3198 fuisso,
1160 3114 1215 3197 qui
1237 3112 1380 3179 litteram
1397 3116 1422 3171 Ν
1442 3109 1602 3197 paragogi-

389 3239 464 3285 oam
485 3239 549 3285 non
573 3220 675 3286 solum
700 3220 807 3285 hiatus
831 3219 977 3286 evitandi
1000 3240 1109 3305 causa,
1127 3219 1186 3287 sed
1201 3219 1360 3286 etiam-ad
1374 3215 1600 3305 producendam

390 3326 553 3411 syllabam
576 3327 704 3393 brevem
727 3334 803 3392 ante
826 3328 1028 3411 vocabulum,
1053 3327 1086 3392 in
1110 3327 1201 3394 cuius
1220 3327 1323 3392 fronto
1338 3346 1482 3393 consona
1496 3322 1601 3391 inveni·

391 3440 450 3512 tur,
475 3432 648 3517 addebant,
671 3433 780 3499 multis
803 3433 965 3517 certisque
988 3433 1069 3500 locis
1093 3433 1345 3511 demonstratum
1369 3433 1409 3499 ol.

714 3557 740 3621 1.
787 3558 830 3622 In
857 3558 1004 3641 Ignatii
1032 3558 1280 3625 carminibus:

390 3664 477 3728 'Petu
502 3666 532 3741 5,
552 3666 574 3730 4
598 3662 808 3751 ὀμφακέζοοσιν
831 3667 916 3751 μάλα
961 3666 991 3741 8,
1018 3669 1033 3729 1
1060 3669 1143 3730 ποσὶν
1166 3677 1287 3731 caustro
1336 3667 1387 3749 18,
1409 3668 1425 3731 1
1450 3676 1538 3730 πᾶσιν
1557 3680 1600 3723 π·

388 3774 475 3859 φῦκει
523 3772 574 3848 18,
597 3772 619 3836 4
642 3774 751 3859 θηρσὶν
773 3774 870 3844 πόδας
915 3773 944 3853 9,
971 3775 987 3837 1
1012 3770 1158 3837 ἔσκωπτεν
1180 3774 1272 3838 λῦκον
1321 3771 1496 3851 15,1ἴδεν
1518 3790 1598 3858 μεμη-

387 3882 462 3943 νότα
507 3878 596 3961 23,3
619 3875 699 3943 εἶπεν
722 3880 753 3942 δέ
774 3901 818 3952 τις
864 3878 953 3962 322
976 3879 1133 3965 διέδραμεν
1156 3888 1213 3965 μῦς
1257 3880 1347 3963 ι’)3,3
1370 3880 1502 3943 θλάσεν·
1520 3877 1597 3964 μόλις-

481 4090 502 4159 ι)
530 4091 562 4145 ln
581 4090 620 4145 eis
639 4090 827 4161 christophori
850 4091 966 4146 senariis
989 4092 1039 4160 qui
1060 4095 1208 4161 supersunt
1234 4092 1304 4146 haec
1330 4092 1375 4146 lex
1402 4092 1532 4162 neglecta
1554 4101 1599 4142 non

386 4184 442 4245 est;
461 4180 497 4235 ab
516 4180 610 4235 eodem
628 4180 812 4235 versificatore
830 4180 927 4235 littora
944 4180 972 4234 N
990 4181 1160 4252 paragogica
1177 4180 1371 4236 tantummodo
1385 4180 1422 4235 ad
1433 4181 1543 4235 hiatum
1554 4172 1596 4230 cri·

387 4268 505 4325 tandum
522 4272 657 4338 usurpata
675 4272 725 4327 est.

462 4356 483 4424 ¹)
511 4357 648 4413 Litteram
666 4357 693 4411 N
712 4356 911 4427 paragogicam
929 4358 1024 4412 hiatus
1041 4358 1122 4413 modo
1140 4358 1265 4413 svitandi
1284 4375 1367 4414 caum
1380 4362 1540 4428 usurpatam
1552 4366 1596 4409 cst

387 4464 406 4502 a
424 4447 565 4501 Theodoro
584 4446 741 4511 Prodromo,
761 4447 862 4501 Niceta
880 4447 1051 4516 Eugeniano,
1070 4464 1121 4502 nec
1143 4465 1198 4502 non
1222 4448 1258 4501 ab
1284 4448 1458 4517 Ephraemio‚
1486 4440 1596 4501 Manuale

388 4534 470 4590 Phila
497 4535 650 4590 docuerunt
677 4535 708 4588 R.
737 4534 858 4590 Hercher
884 4536 914 4589 In
941 4535 1073 4606 Scriptor.
1095 4536 1191 4591 erotic
1214 4536 1310 4592 Graec
1328 4536 1383 4590 vol.
1402 4536 1430 4590 ΙΙ
1452 4554 1480 4607 p.
1499 4532 1596 4591 12de

388 4626 409 4677 1.
428 4624 545 4693 Hilborg
563 4624 593 4677 in
611 4623 725 4678 Wiener
743 4623 860 4679 Studien
877 4626 931 4679 vol.
951 4625 1019 4679 VIII
1036 4644 1062 4695 p.
1081 4625 1143 4681 308.
1161 4626 1222 4680 314.
1241 4625 1267 4679 X
1284 4642 1312 4695 p.
1330 4626 1373 4681 88.
