3459 5200
677 510 714 572 41

138 725 213 786 recte
233 721 299 786 iam
322 718 467 784 Hensius
496 719 636 783 monuit.
680 716 775 781 Adde
799 736 883 799 quae
907 715 948 778 de
971 721 1082 788 κοινοῖς
1105 715 1138 776 et
1160 718 1286 796 μικτοῖς,

135 826 171 889 de
191 823 367 888 carminum
382 819 466 884 κατὰ
487 819 593 905 σχέσιν
617 825 650 885 et
672 818 822 905 μετρικῶν
837 810 980 882 οἶτοίκτιον
1003 814 1286 898 descriptionibus

137 926 298 1009 disputavi,
326 925 391 990 ianr
426 925 591 989 concedes
625 944 693 989 non
728 923 802 1006 ipsa
828 919 1090 1004 Hephaestionis
1121 918 1225 983 verba
1253 918 1287 981 in

135 1029 392 1094 commentariol
413 1027 573 1110 conspici.
617 1029 774 1092 Attamen
797 1026 941 1090 eundem
963 1025 1094 1107 utrique
1117 1042 1287 1088 commen-

133 1133 209 1198 tario
243 1133 382 1197 subesse
416 1131 544 1195 fontem
578 1134 610 1195 et
639 1129 790 1215 μετρικῶν
818 1124 961 1193 ἀτάκτων
995 1126 1286 1211 explanationibus
1332 1189 1335 1193 .

134 1236 286 1301 evincitur
322 1240 355 1299 et
388 1235 622 1313 similitudine,
657 1255 721 1317 qua
761 1231 1009 1318 μσνοστροφικῶν
1044 1229 1287 1312 descriptiones

135 1339 273 1420 insignes
297 1341 384 1403 sunt.
430 1338 515 1402 Sunt
539 1337 628 1402 enim

134 1496 165 1558 in
188 1513 267 1557 com.
290 1495 303 1557 Ι
326 1514 357 1576 p.
382 1493 408 1556 V
434 1493 557 1556 15-16
582 1494 679 1557 haec:
734 1493 766 1557 in
788 1512 874 1558 com.
892 1492 919 1556 Il
931 1512 962 1574 p.
983 1491 1067 1556 XVII
1089 1491 1169 1554 1-3
1189 1490 1287 1554 haec:

172 1610 217 1677 Τὰ
256 1613 310 1698 μὲν
354 1611 406 1676 οὖν
449 1609 678 1698 μονοστροφικσί
775 1610 1014 1696 Μονοστροφικοὶ
1038 1611 1092 1696 μὲν
1113 1607 1166 1674 οὖν
1181 1610 1215 1674 εἰ
1223 1631 1288 1690 σιν,

130 1717 267 1799 εἰσινῆ)
291 1709 413 1779 ὁπόσα
428 1712 487 1778 ὑπὸ
504 1716 573 1800 μιᾶς
590 1737 678 1800 στρο-
732 1713 857 1780 ὁττόσα
876 1712 936 1778 ὑπὸ
953 1720 1023 1799 μιᾶς
1039 1714 1175 1798 στροφῆς
1190 1736 1288 1777 κατα-

128 1820 187 1905 φῆς
208 1827 452 1905 καταμετρεῖτοιι.
733 1827 896 1906 μετρεῖται,
919 1813 1069 1901 καθάπερ
1092 1815 1131 1881 τὰ
1142 1815 1288 1881 Ἀλκαίου

731 1924 785 1985 καὶ
823 1917 862 1984 τὰ
895 1919 1044 2004 Σαπφοῦς
1082 1923 1136 1985 καὶ
1174 1921 1219 1986 ἔτι
1250 1919 1289 1985 τοὶ

726 2021 952 2108 Ἀνακρέοντος.

213 2197 305 2276 Quae
333 2217 408 2264 cum
436 2199 481 2263 ita
504 2199 582 2277 sint,
612 2201 647 2263 ut
671 2218 836 2262 summam
859 2197 1031 2275 faciamus
1056 2198 1096 2262 de
1120 2217 1290 2263 commen·

124 2302 247 2367 tariol
276 2303 323 2366 sic
353 2308 404 2367 est
432 2303 654 2368 iudicandum.
707 2301 865 2366 Condidit
893 2301 985 2365 illum
1013 2301 1115 2382 homo
1145 2302 1290 2384 quidam,

122 2407 182 2488 qui
204 2405 276 2488 ipse
300 2425 369 2470 non
393 2407 607 2472 mediocriter
630 2410 736 2471 artem
752 2406 927 2470 metricam
944 2405 1094 2469 callebat.
1139 2405 1205 2468 Pro
1222 2406 1290 2469 dis-

119 2509 307 2592 putationis
330 2509 549 2574 fundamento
575 2509 717 2592 sumpsit
733 2510 877 2574 eundem
892 2507 1153 2590 Hephaestionis
1169 2509 1291 2573 librum

119 2619 225 2696 atque
263 2614 494 2678 commentarii
534 2614 560 2678 ll
595 2614 754 2696 scriptor,
789 2613 844 2695 qui
885 2612 1016 2677 libellus
1052 2611 1290 2677 Choerobosco

121 2718 257 2797 integer
282 2722 417 2799 praesto
446 2716 550 2780 fuisse
579 2716 724 2781 videtur:
758 2737 822 2799 quo
857 2715 950 2779 fonte
979 2736 1018 2779 ea
1047 2716 1175 2779 ratione
1210 2736 1290 2780 usus

120 2825 195 2896 est,
224 2824 260 2882 ut
289 2820 450 2883 nonnulla
477 2820 576 2901 paulo
606 2820 833 2901 neglegentius
864 2817 898 2882 in
933 2818 1038 2882 artius
1067 2820 1291 2899 contraheret,

120 2923 194 2987 alia
211 2958 214 2963 ·
231 2941 339 3005 neque
376 2942 415 2986 ea
440 2942 547 3003 pauca
575 2922 617 2987 ad
651 2922 755 3005 ipsius
784 2920 959 2985 arbitrium
987 2920 1077 2985 haud
1104 2922 1237 3004 illepide
1261 2927 1294 2987 et

119 3028 274 3091 mutaret
302 3028 335 3088 et
358 3024 504 3089 adderet.
553 3026 812 3108 Deprompsisse
846 3044 922 3088 eum
950 3024 1172 3106 posteriorem
1202 3044 1292 3089 com-

118 3128 285 3195 mentarii
314 3132 445 3211 partem
469 3128 545 3192 inde
569 3148 589 3192 a
611 3149 642 3211 p.
665 3130 693 3192 V
715 3129 736 3191 4
757 3132 860 3192 totam
884 3126 926 3191 ad
948 3129 1087 3191 verbum
1116 3148 1221 3210 usque
1251 3150 1291 3192 ex

115 3231 302 3299 Heliodori
328 3231 514 3296 enchiridio
544 3232 690 3297 Hensius
716 3232 904 3314 suspicatus
941 3229 1036 3313 estz²l
1074 3251 1174 3313 quam
1212 3252 1292 3295 con-

116 3424 333 3437 n-——ss-—-·'‘

216 3542 236 3609 ¹)
256 3542 385 3595 Fortasse
409 3544 470 3593 εἰσιν
497 3557 547 3609 pro
576 3544 643 3594 ἐστιν
671 3542 726 3595 iam
753 3542 781 3595 in
810 3542 947 3595 communi
975 3543 1051 3594 fonte
1078 3541 1144 3594 vitio
1163 3542 1294 3610 scriptum

109 3635 196 3694 erat;
217 3631 293 3698 apud
302 3628 537 3697 Hephaestionem
548 3632 574 3681 et
584 3647 609 3698 p.
623 3631 647 3691 8,
663 3631 674 3681 1
689 3634 716 3683 et
735 3647 760 3698 p.
779 3630 821 3691 bt,
839 3630 919 3697 lpro
938 3632 999 3681 εἰσιν
1016 3629 1136 3683 scribere
1149 3630 1294 3683 maluerim

107 3724 199 3772 ἐστιν.

212 3821 236 3890 ¹)
256 3822 287 3874 In
305 3821 395 3891 priore
415 3822 602 3875 commentarii
622 3826 700 3890 parte
719 3839 780 3876 cum
798 3822 948 3877 Heliodoro
965 3826 1076 3875 auctore
1095 3826 1219 3890 pugnant
1232 3837 1294 3874 cum

107 3927 208 3965 voces
230 3909 350 3975 στ’στημα
369 3913 396 3963 et
414 3910 607 3976 σνστιρμοιτικός
626 3914 682 3963 tum
707 3914 817 3977 διστιχῑα
841 3928 866 3980 p.
890 3910 926 3963 lv
946 3910 1021 3971 l-l,
1046 3926 1108 3963 cum
1130 3909 1294 3963 Heliodorus

103 4000 197 4052 dicat
222 4002 272 4049 aut
294 3996 341 4046 cuo
365 4000 469 4063 στίχους
494 3996 538 4062 (cs.
557 3997 697 4050 Heliodori
718 3995 895 4049 colomelriae
916 3996 1138 4064 Aristophaneae
1162 4000 1294 4064 quantum

102 4088 256 4153 superest
275 4084 316 4136 ed.
337 4082 530 4136 C.Tbiemann
549 4084 637 4151 (Halis
658 4083 734 4151 1869)
753 4082 840 4137 schol.
859 4084 926 4136 Ach.
945 4084 1005 4137 616.
1023 4083 1073 4151 Eq.
1091 4084 1151 4144 303,
1163 4084 1223 4144 382,
1235 4083 1294 4135 390.

100 4174 190 4227 Nub.
215 4169 295 4238 lala)
324 4175 372 4223 aut
394 4164 423 4221 τὸ
448 4172 561 4238 δίστιχον
587 4170 684 4239 (schol.
707 4169 774 4222 Ach.
797 4171 857 4223 303.
897 4169 965 4237 Equ.
990 4170 1041 4222 756
1060 4168 1131 4237 [lege
1148 4168 1178 4221 τὸ
1202 4171 1295 4234 ἔθιμον

99 4256 260 4325 ὃίστιχον].
287 4256 356 4309 Nub.
374 4256 434 4321 476,
456 4258 530 4311 1353.
557 4257 620 4311 Pac.
639 4256 708 4324 336).
737 4257 886 4311 Praeterea
902 4256 1069 4310 Heliodorus
1087 4273 1137 4324 pro
1156 4255 1295 4309 locutione

96 4345 193 4399 κατὰ
220 4348 312 4410 στίχον
338 4343 422 4399 utitur
448 4344 583 4398 adiectivo
612 4343 728 4411 στιχικός
755 4344 783 4411 (l.
803 4362 824 4397 c.
849 4345 937 4397 schol.
960 4345 1023 4397 Pac.
1044 4345 1130 4411 1127),
1153 4348 1249 4397 contra
1267 4342 1295 4395 in

97 4431 329 4487 commentario
355 4448 445 4500 neque
470 4449 496 4501 p.
515 4432 553 4485 lll
570 4434 588 4486 t
605 4448 695 4500 neque
715 4449 741 4501 p.
760 4432 797 4485 Ill
818 4432 850 4485 ld
873 4448 963 4501 neque
981 4449 1007 4501 p.
1025 4432 1061 4485 lV
1081 4432 1113 4484 15
1131 4430 1295 4485 adiectivum

95 4524 292 4589 usurpatum
311 4523 361 4572 est.
