3459 5200
904 356 948 418 94

399 547 435 611 ln
459 548 638 613 versibus
662 546 843 613 iambicis
858 547 1088 631 componendis
1104 547 1268 615 Planudos
1282 549 1444 614 vocalium
1458 556 1483 607 A
1495 554 1507 607 Ι
1517 554 1545 607 ι·

311 654 448 719 abusum
471 654 575 719 vitare
599 654 693 721 enixe
716 653 856 730 studuit;
880 674 985 737 neque
1008 661 1118 721 tamen
1140 675 1274 739 prorsus
1298 655 1434 721 evitavit
1455 676 1539 721 eum.

311 757 405 836 Quod
428 760 542 827 mirum
566 781 640 827 esse
662 760 810 844 negabis,
836 761 864 827 si
884 760 1153 827 animadverteris
1168 761 1349 829 Plauudcm
1362 767 1542 828 ceterorum

311 866 565 932 versificatorum
588 888 677 933 more
706 868 852 933 senarios
881 866 1052 933 duodecim
1081 868 1280 953 syllabarum
1308 871 1541 953 composuisse.

312 971 377 1037 Sed
401 976 433 1037 iu
458 974 505 1039 eis
534 974 705 1040 senariis
734 974 928 1058 iambicis,
961 975 1016 1058 qui
1051 982 1194 1040 aetatem
1223 974 1404 1053 tulerunt,¹)
1437 995 1541 1058 aeque

312 1080 441 1145 uoluit
463 1080 677 1165 producere
700 1080 859 1146 vocales
883 1086 975 1165 All,
993 1081 1028 1145 iu
1054 1102 1148 1164 quas
1173 1088 1313 1147 exeunt
1336 1081 1542 1164 vocabula,

312 1196 409 1269 atque
432 1187 465 1251 iu
489 1186 668 1253 versibus
692 1186 945 1267 hexametris,
970 1189 1240 1272 pentametris,
1266 1187 1374 1273 aliis,
1403 1187 1445 1253 de
1473 1190 1541 1272 qui-

312 1293 374 1359 bus
397 1291 481 1357 infra
506 1292 751 1377 disputabimus.
796 1293 912 1376 Itaque
936 1292 1067 1359 dubium
1090 1314 1155 1359 non
1182 1301 1241 1378 est,
1271 1294 1349 1377 quin
1376 1294 1546 1360 Planudes

312 1400 431 1465 alteri
455 1399 760 1485 iambographornm
783 1398 888 1464 ordini
911 1400 1123 1483 Hilbergiano
1147 1399 1383 1467 adscribendus
1407 1402 1458 1469 sit.

400 1523 528 1589 Deinde
552 1524 871 1589 animadvertendum
895 1532 945 1589 est
967 1545 1078 1591 omnes
1102 1524 1170 1591 fere
1192 1524 1335 1610 vocales,
1359 1545 1441 1609 quas
1465 1526 1540 1590 Pla·

314 1630 417 1697 nndes
441 1632 534 1697 metri
558 1650 659 1697 causa
682 1630 843 1715 produxit,
871 1631 980 1696 inesse
1002 1632 1179 1710 vocabulis,
1204 1652 1288 1716 quae
1311 1633 1440 1698 senario
1464 1631 1547 1697 duo-

276 1798 279 1803 .
313 1737 418 1802 decim
442 1737 641 1821 syllabarum
664 1737 803 1802 iambico
826 1758 891 1802 non
915 1737 1134 1823 satisfaciunt,
1158 1738 1198 1803 cf.
1223 1740 1376 1805 carminis
1400 1742 1418 1804 7
1443 1759 1494 1803 vv.

474 1864 494 1928 9
518 1862 583 1949 ἤθη
606 1883 637 1925 τε
660 1867 837 1948 χαρίεντα
861 1864 912 1927 σὺν
936 1865 1052 1935 τοὺτοις
1074 1862 1155 1951 ἔχων

476 1972 517 2036 10
539 1974 591 2034 καὶ
615 1972 810 2056 βασιλικῆς
833 1968 934 2043 ἑστίας
956 1967 1107 2057 ὑπηρέτης

476 2079 517 2142 12
540 2081 593 2139 καὶ
616 2078 807 2141 συνελόντα
831 2088 889 2139 πᾶν
912 2078 928 2141 δ
951 2081 1011 2164 χρὴ
1036 2083 1125 2165 φάναι
1148 2080 1241 2158 λέγειν

476 2186 517 2248 14
541 2182 583 2254 ὡς
606 2182 736 2267 ἀρετῆς
758 2187 913 2271 πρόθυμος
935 2183 1028 2256 ὄντως
1051 2182 1181 2269 ἐργάτης

478 2292 516 2355 17
542 2290 645 2363 λιπών,
670 2288 768 2375 ἐπειδὴ
793 2292 954 2353 θάνατον
978 2302 1032 2376 της
1057 2294 1189 2373 metron.

404 2412 597 2495 ceteroquin
631 2434 726 2478 unam
757 2433 870 2479 vocem
903 2414 993 2501 ἀνήρ
1026 2422 1137 2479 contra
1169 2414 1350 2499 quotidiani
1382 2417 1548 2481 sermonis

314 2539 406 2585 usum
430 2521 611 2606 usurpavit:

476 2631 505 2711 7,
529 2629 549 2694 5
572 2625 635 2693 ἰδοὺ
659 2632 716 2713 γάρ
740 2627 829 2714 ἀνὴρ
853 2625 940 2702 οὗτος
965 2627 1112 2715 εὔκοσμον
1135 2632 1207 2712 βίον.

402 2755 547 2836 Longam
572 2753 718 2818 vocalem
742 2754 842 2818 semel
865 2754 1033 2838 corripuit:

476 2863 505 2944 7,
528 2863 551 2926 4
573 2860 615 2933 ὡς
637 2864 689 2924 οιαὶ
712 2864 751 2924 τὰ
774 2863 864 2926 λοιπὰ
887 2873 947 2926 τῶν
971 2856 1042 2945 ὑπὲρ
1065 2873 1122 2946 γῆς
1145 2859 1354 2947 ἐμψὺχων,’)

315 2987 400 3044 nam,
425 2965 512 3050 quod
535 2965 654 3048 legitur

475 3077 506 3155 6,
532 3075 552 3139 2
576 3072 682 3158 ἄνδρες
704 3083 861 3161 φονῶντες,
886 3077 999 3159 πλῆρες
1022 3072 1153 3159 αἱμάτων
1177 3077 1316 3159 στίφος,

316 3180 396 3246 scito
421 3178 555 3244 formam
579 3186 680 3268 στῖφος
703 3181 774 3264 (pro
799 3186 915 3267 στῖφος)
939 3179 1170 3245 recentioribus
1193 3178 1391 3262 temporibus
1415 3178 1546 3244 sollem-

316 3284 525 3352 neminisse.
572 3286 805 3371 Comprobatur
832 3284 915 3350 haec
943 3285 1039 3352 lectio
1072 3284 1186 3369 regula
1218 3284 1347 3369 prosod.
1372 3287 1426 3364 39,
1459 3303 1552 3367 quae·

316 3392 435 3474 legitur
458 3392 491 3457 in
515 3412 637 3459 canone
662 3413 682 3457 a
706 3391 892 3457 Godofredo
916 3392 1100 3457 Hermanno
1125 3390 1167 3455 de
1190 3390 1395 3457 emendanda
1418 3391 1545 3455 ratione

317 3499 464 3565 Graecae
488 3498 721 3580 grammaticae
743 3506 826 3583 part.
846 3499 862 3563 l
886 3520 917 3583 p.
933 3501 998 3565 429
1022 3498 1125 3564 edito:
1150 3502 1188 3562 τὰ
1212 3495 1255 3570 εἰς
1277 3502 1319 3555 ΟΣ
1341 3509 1385 3581 τῷ
1407 3505 1421 3558 1
1444 3519 1547 3581 ταρα-

317 3608 471 3693 ληηόμενα
498 3606 726 3690 παροξάνονται·
758 3611 899 3694 stipor,
928 3603 1027 3692 ξίφος,
1054 3608 1133 3691 πλὴν
1160 3614 1214 3669 τοῦ
1243 3615 1336 3682 σῖνος,
1364 3614 1475 3686 πνῖγος,
1501 3613 1546 3666 νῖ-

316 3735 371 3785 κος
394 3711 493 3794 arist)

408 3817 541 3883 Ceteras
566 3817 606 3884 de
630 3818 829 3884 senariorum
853 3817 1104 3903 Byzantinorum
1127 3824 1288 3884 structura
1311 3816 1402 3900 leges
1425 3815 1545 3880 Plano·

409 4050 430 4118 ¹)
459 4050 611 4119 Supersunt
630 4051 664 4104 39
683 4049 784 4104 senarii
791 4071 797 4114 ;
824 4049 858 4103 cf.
878 4048 1010 4103 Planudis
1033 4048 1158 4102 carmina
1180 4050 1206 4102 4.
1225 4049 1251 4102 5.
1270 4047 1295 4100 6.
1315 4047 1340 4110 7,
1364 4063 1435 4114 quae
1458 4044 1547 4100 edidit

317 4139 482 4194 Boissonade
500 4138 531 4192 in
549 4137 649 4192 Anecd.
670 4138 766 4192 Graec.
784 4139 838 4193 vol.
858 4138 899 4191 Ill
917 4156 944 4206 p.
962 4138 1016 4191 462
1035 4155 1093 4206 sqq.

409 4244 430 4314 ¹)
458 4245 512 4300 Sed
529 4248 603 4300 recte
621 4261 731 4299 mensus
750 4248 793 4298 est
811 4245 948 4314 syllabam
968 4240 1036 4298 tls:

531 4334 556 4399 7,
575 4335 610 4388 25
628 4333 672 4384 καὶ
690 4339 725 4402 τῷ
744 4331 846 4383 θανόντι
864 4333 1005 4403 ψυχικὴν
1024 4329 1158 4402 sumpius.

409 4439 431 4508 ⁸)
458 4441 648 4509 Antiquarum
665 4440 912 4509 grammaticorum
930 4439 1086 4494 doctrinam
1103 4440 1315 4508 repraesentant
1333 4437 1416 4491 EGu.
1429 4435 1545 4501 512,32.

317 4533 406 4587 (tram.
426 4533 478 4584 An.
498 4529 546 4584 Ox.
568 4530 593 4583 ll
612 4530 673 4594 410,
692 4529 735 4585 20.
774 4529 813 4584 Cf.
834 4529 922 4583 etiam
939 4528 1136 4583 vocabulorum
1157 4527 1311 4582 indiculum
1335 4525 1365 4580 in
1388 4525 1456 4581 God.
1475 4525 1546 4578 Her·

317 4621 414 4675 manui
433 4620 554 4674 editione
574 4618 823 4674 Pseudo-Draconis
841 4617 988 4672 demetrio
1007 4617 1122 4686 poeticis
1140 4616 1205 4671 libri
1223 4634 1249 4684 p.
1271 4616 1331 4679 119,
1349 4615 1375 4669 ⁶2.
