3459 5200
980 506 1000 570 6

409 715 547 794 propter
575 712 818 794 neglegentiam
847 713 888 778 de
919 733 979 778 suo
1002 713 1056 779 vix
1080 714 1261 798 quidquam
1282 714 1497 799 perpurgavit
1520 714 1571 778 rel

409 815 557 894 mutarit,
592 816 657 881 nisi
691 817 780 899 quod
815 817 1021 882 scholiorum
1055 817 1354 884 describendorum
1387 819 1423 883 in
1457 817 1571 882 medio

410 920 518 1002 capite
551 919 682 985 decimo
714 921 815 986 finem
848 921 942 986 iecit.
998 921 1181 999 Quoniam.
1198 922 1232 986 in
1266 925 1337 987 tota
1370 923 1432 986 bac
1471 921 1573 987 classi

411 1022 540 1088 scholia
567 1022 585 1109 β
614 1025 856 1108 abrumpuutur
883 1024 918 1088 in
946 1025 1057 1090 medio
1087 1025 1233 1108 quodam
1261 1025 1434 1090 enuntiato
1457 1025 1571 1090 verbis

410 1122 578 1203 ἀποθέσεις
610 1126 645 1190 δὲ
676 1133 736 1192 τῶν
769 1126 963 1192 δακτυλικῶν
993 1149 1025 1210 p.
1052 1129 1571 1212 13‚3(ed.H0e1-sehelmann),

412 1229 531 1312 quibus
554 1231 664 1296 verbis
687 1231 722 1294 in
744 1229 775 1294 A
798 1231 898 1298 simul
920 1231 1037 1296 folium
1059 1232 1263 1311 erronum,
1288 1252 1348 1297 suo
1365 1232 1570 1298 iureStude·

412 1331 556 1398 mundus
589 1333 611 1397 l.
634 1352 661 1397 c.
689 1353 720 1416 p.
747 1334 807 1398 106
836 1334 1026 1415 suspicatus
1056 1339 1108 1400 est
1129 1335 1391 1400 Ambrosianum
1420 1336 1572 1400 codicem

413 1439 471 1500 aut
502 1434 612 1516 ipsum
646 1436 744 1500 huius
787 1436 906 1502 classis
940 1438 1155 1521 archetypum
1195 1458 1270 1504 esse
1303 1443 1360 1504 aut
1392 1439 1571 1521 gemellum

412 1537 583 1621 archetypi
621 1542 678 1603 aut
715 1539 909 1605 fidelissime
949 1544 1080 1606 servata
1117 1541 1315 1624 paginarum
1351 1561 1574 1625 versuumque

413 1640 577 1705 divisione
606 1661 647 1706 ex
675 1643 855 1726 archetypo
885 1643 1105 1726 descriptum;
1134 1645 1215 1709 mihi
1244 1645 1328 1710 haec
1356 1663 1461 1710 causa
1489 1645 1573 1710 satis

361 1754 365 1757 ’
413 1744 590 1826 singularis
607 1750 706 1828 atque
721 1746 830 1828 gravis
846 1746 985 1825 videtur,
1005 1751 1042 1812 ut
1058 1748 1208 1813 codicem
1229 1745 1261 1811 A
1282 1747 1433 1814 omnium
1456 1767 1572 1813 eorum

413 1847 575 1926 codicum,
609 1849 644 1911 in
677 1849 797 1931 quibus
826 1849 995 1936 scholiab
1023 1851 1134 1916 verbis
1164 1870 1266 1933 supra
1297 1851 1449 1916 excitatis
1473 1870 1570 1934 prae-

414 1950 578 2030 ciduntur,
602 1971 678 2016 esse
700 1953 916 2036 archetypum
943 1973 1005 2036 pro
1029 1957 1120 2019 certo
1143 1954 1315 2019 affirmem.
1359 1955 1572 2037 Descriptum

415 2073 489 2119 esse
518 2053 721 2120 codicemA
747 2057 799 2120 vel
829 2056 900 2121 eius
929 2057 1145 2140 archetypum
1177 2078 1218 2122 ex
1241 2058 1356 2122 codice
1378 2058 1574 2124 maiusculis

413 2156 533 2222 litteris
567 2161 705 2222 exarato
739 2159 888 2224 ostendit
910 2160 1119 2226 Studemund
1148 2161 1168 2224 l.
1193 2181 1220 2225 c.
1249 2181 1282 2242 p.
1314 2162 1384 2240 110,
1415 2161 1506 2225 unde
1539 2161 1575 2225 id

415 2280 545 2343 quoque
579 2261 813 2344 explicandum
846 2266 907 2342 est,
941 2264 1031 2346 quod
1064 2285 1095 2345 p.
1119 2265 1200 2329 vlo
1234 2284 1296 2346 pro
1328 2263 1464 2348 γίνονται
1487 2265 1521 2328 in
1543 2263 1574 2327 A

414 2365 503 2428 inest
523 2362 663 2429 τίνονται.
709 2365 814 2444 Quam
837 2365 978 2431 fideliter
1001 2365 1030 2430 A
1051 2367 1221 2450 archetypi
1237 2372 1362 2433 tractus
1382 2367 1575 2444 servaverit,

415 2467 582 2532 luculento
616 2469 769 2550 exemplo
802 2469 979 2534 illustravit
1016 2468 1225 2534 Studemund
1257 2491 1289 2552 p.
1321 2471 1390 2549 110,
1425 2489 1501 2534 cum
1534 2489 1576 2534 ex

416 2570 541 2638 codicis
563 2568 595 2635 A
616 2571 747 2651 litteris,
770 2591 854 2656 quae
878 2576 956 2638 sunt
979 2571 1131 2658 μελιωπαι
1157 2593 1190 2657 p.
1213 2573 1254 2639 Vl
1278 2575 1308 2652 5,
1337 2593 1451 2639 veram
1479 2572 1574 2638 lecti-

416 2693 516 2739 onem
555 2674 659 2741 fuisse
696 2677 751 2761 μὲν
791 2673 865 2739 ὦσιν
898 2676 1169 2759 ingeniosissime
1202 2678 1426 2743 concluderet.
1482 2676 1576 2741 Gais-

416 2776 543 2842 fordius
575 2799 607 2859 p.
644 2780 714 2858 117,
747 2780 767 2842 5
800 2799 850 2862 sq.
888 2780 1027 2861 praebet
1055 2780 1090 2845 in
1128 2782 1221 2845 textu
1262 2780 1365 2845 verba
1399 2778 1576 2864 μελοποιΐαι

416 2877 520 2965 ὅμοιαι
557 2877 645 2963 ὦσιν,
685 2882 804 2963 quibus
839 2882 928 2964 quod
961 2883 1087 2948 nullam
1124 2882 1276 2947 codicum
1314 2882 1575 2965 discrepantiam

418 2982 598 3061 subiunxit,
620 2984 716 3049 valde
739 2984 921 3049 dolendum
944 2988 1003 3049 est.
1048 2986 1085 3050 ln
1101 2983 1139 3048 K
1156 2986 1246 3051 idem
1267 2991 1338 3051 erat
1359 2990 1459 3069 atque
1483 2986 1518 3051 in
1533 2986 1574 3065 A,

418 3086 478 3151 sed
500 3106 617 3152 rasura
639 3086 727 3152 lacta
741 3086 791 3150 Κ2
814 3087 991 3153 deterioris
1014 3092 1115 3153 notae
1139 3088 1253 3153 codice
1276 3110 1356 3155 usus
1380 3090 1574 3171 depravavit

418 3190 452 3253 in
475 3187 665 3275 μελωποιΐαι.
708 3191 777 3256 Iam
800 3192 933 3256 saeculo
957 3192 1027 3255 XIV
1050 3192 1084 3255 in
1106 3190 1137 3255 A
1159 3192 1304 3274 perierat
1325 3211 1430 3257 unum
1444 3192 1573 3269 folium,

418 3313 483 3376 quo
512 3292 591 3358 olim
620 3294 886 3360 continebantur,
905 3296 1005 3361 verba
1032 3314 1063 3377 p.
1086 3295 1202 3361 XVll
1237 3294 1357 3381 (ξαμεν)
1385 3331 1426 3343 ·-
1453 3294 1528 3359 XIX
1558 3297 1573 3359 1

418 3393 545 3480 (ὅμοια).
627 3451 630 3458 .

502 3499 635 3564 Etenim
657 3500 712 3583 qui
736 3520 821 3565 saec.
844 3501 916 3565 XIV
938 3499 1025 3565 exA
1047 3501 1233 3583 descriptus
1257 3504 1309 3566 est
1332 3500 1404 3565 cod.
1428 3498 1466 3563 K
1483 3501 1576 3565 nullo

417 3604 556 3668 lacunae
579 3603 675 3685 signo
698 3602 812 3668 addito
833 3603 936 3667 verba
957 3603 1015 3669 illa
1037 3604 1159 3669 omisit.
1203 3604 1356 3669 Praestat
1371 3600 1410 3667 K
1427 3623 1467 3667 eo
1492 3604 1577 3681 solo,

419 3706 519 3789 quod,
541 3706 597 3771 ubi
620 3706 655 3770 in
678 3703 708 3769 A
730 3706 841 3789 aliqua
863 3728 883 3771 a
905 3706 1096 3789 bibliopega
1124 3712 1181 3773 aut
1210 3708 1326 3773 charta
1354 3706 1488 3771 novicia
1516 3708 1577 3773 ob-

419 3809 519 3875 ducta
540 3813 597 3875 aut
619 3809 757 3874 omnino
780 3814 910 3875 resecta
933 3814 1020 3889 sunt,
1044 3810 1078 3875 id
1101 3812 1190 3893 quod
1212 3830 1281 3875 non
1297 3829 1374 3875 raro
1396 3828 1460 3875 usu
1474 3810 1577 3889 venit,

419 3932 461 3977 ex
483 3911 522 3975 K
538 3912 695 3995 colligere
716 3933 907 3995 possumne,
931 3933 1015 3996 quae
1038 3912 1118 3977 olim
1141 3913 1176 3976 in
1199 3910 1229 3976 A
1252 3913 1375 3995 scripta
1397 3912 1532 3977 fuerint.

508 4014 557 4079 Ex
579 4014 618 4077 K
645 4016 832 4098 descriptus
866 4022 918 4083 est
951 4016 1057 4081 codex
1080 4012 1106 4079 S
1126 4020 1197 4081 tum
1220 4016 1364 4095 demum,
1396 4021 1579 4099 postquam

420 4115 459 4181 K
475 4120 543 4185 iam
566 4118 705 4184 alteram
727 4138 863 4184 manum
887 4119 1120 4185 correctricem
1142 4117 1202 4198 K²‚
1226 4118 1267 4183 de
1290 4138 1355 4202 qua
1376 4117 1451 4183 vide
1474 4138 1578 4202 supra

420 4242 452 4303 p.
475 4224 505 4301 A,
528 4225 684 4305 expertus
707 4226 768 4288 est.

507 4328 555 4392 De
579 4324 730 4389 codicum
753 4346 770 4388 c
793 4328 825 4389 et
840 4322 875 4387 P
894 4342 969 4389 cum
983 4323 1014 4388 A
1030 4324 1229 4407 cognatione
1244 4324 1394 4406 pluribus
1408 4325 1578 4391 disserere

423 4430 636 4516 supersedeo,
660 4429 739 4493 dum
765 4428 1094 4494 Hoersehelmannus
1123 4448 1241 4493 omnes
1271 4448 1385 4493 eorum
1413 4427 1577 4493 lectiones

420 4534 544 4625 publici
567 4532 655 4597 iures
680 4531 804 4596 fecerit.
840 4531 977 4615 Negavit
993 4533 1082 4597 enim
1105 4532 1160 4596 ille
1181 4531 1232 4596 vir
1255 4530 1373 4597 doctus
1389 4530 1447 4596 uA
1461 4551 1493 4614 p.
1513 4532 1578 4597 596
