3459 5200
802 439 846 505 23

212 652 285 699 esse
315 632 435 700 volunt.
482 630 576 711 Quod
611 633 734 699 nnllam
764 633 884 702 babere
915 635 1156 721 probabilitatis
1188 637 1331 724 speciem
1363 660 1436 724 gra·

211 740 347 807 vissima
370 760 410 806 ea
438 761 478 807 ex
500 760 536 807 rc
560 740 676 826 elucet,
705 741 791 827 quod
813 742 840 807 Ε
862 743 1069 829 paucissimis
1093 745 1240 833 exceptis
1262 745 1435 830 minutiis¹)

211 868 368 934 nusquam
396 846 485 930 solus
513 854 580 915 stat
607 870 628 915 a
655 850 802 935 partibus
830 849 984 917 librorum
1011 851 1078 933 AB,
1107 852 1167 920 sed
1192 852 1435 922 Vindobonensi

210 962 368 1043 perpetuo
396 956 495 1022 utitur
522 957 652 1023 comite.
698 958 835 1025 Prorsus
865 958 949 1026 enim
973 966 1024 1025 est
1050 958 1240 1027 incredibile
1266 964 1436 1046 utrumque

209 1063 321 1129 borum
335 1064 565 1150 exemplarium
589 1084 819 1132 amanuensem
841 1065 966 1132 eisdem
986 1066 1067 1135 locis
1088 1087 1129 1134 ex
1148 1067 1306 1135 communi
1324 1067 1436 1137 arche·

209 1178 288 1257 typo
311 1171 525 1237 correctiones
550 1168 591 1237 de
614 1171 737 1238 familia
756 1171 789 1236 X
816 1173 936 1258 petitas
960 1193 1002 1241 ne
1025 1174 1279 1261 corruptelarum
1303 1174 1435 1260 quidem

209 1279 334 1346 ratione
361 1278 473 1346 habita
502 1279 534 1344 in
562 1280 719 1347 sermonis
742 1280 906 1367 recepisse
935 1280 1186 1369 continuitatem,
1215 1301 1295 1349 suae
1326 1292 1435 1350 autern

210 1392 320 1452 sectae
337 1386 493 1453 lectiones
512 1406 635 1471 easque
653 1386 846 1474 compluries
861 1388 1019 1472 genuinas
1036 1388 1244 1476 pertinaciter
1260 1390 1432 1477 sprevisse.

208 1493 277 1560 Nec
304 1492 402 1558 facile
433 1494 603 1578 qnisquam
636 1493 837 1580 difficillima,
868 1516 910 1562 ne
937 1494 1044 1561 dicam
1075 1496 1171 1562 futtili
1204 1496 1331 1563 ratione
1364 1517 1432 1563 rem

209 1600 372 1685 explicare
394 1608 535 1685 conetur,
561 1608 598 1667 nt
620 1603 654 1667 in
680 1601 856 1687 archetypo
881 1601 1091 1670 Ottoboniani
1115 1610 1147 1669 et
1169 1603 1432 1671 Vindobonensis

208 1706 282 1773 illas
309 1708 524 1776 correctiones
557 1729 622 1775 non
649 1715 798 1794 receptas
827 1728 900 1776 esse
933 1708 1107 1778 contendat
1137 1712 1201 1778 nisi
1232 1709 1431 1780 familiaeY

207 1814 398 1881 lectionibus
411 1834 536 1883 ,rasura
561 1816 687 1883 deletis.

295 1921 345 1987 Ex
367 1942 543 2008 permagno
572 1923 684 1989 horum
712 1922 854 1990 locorum
881 1944 1013 1991 numero
1043 1924 1179 2011 primum
1208 1925 1338 2012 adpone
1362 1945 1430 2011 eos,

207 2028 322 2113 quibus
345 2029 472 2113 Assnv„
500 2031 658 2114 genuinas
682 2030 833 2097 exhibent
855 2031 1026 2101 lectiones:

549 2173 682 2259 nonv,
1128 2173 1210 2242 can

261 2299 339 2369 dial.
372 2300 444 2369 511
469 2300 549 2366 oliuo
945 2304 1040 2367 aliam

372 2409 446 2475 8.10
468 2408 608 2473 omnibruo
943 2409 1113 2475 horninibus

371 2516 421 2582 91
468 2516 677 2601 Ayumcrauoa
698 2515 784 2583 ΑΒΕ
944 2516 1121 2600 Apomcaoa

467 2646 605 2709 marnam
626 2646 690 2690 noa
712 2625 755 2709 V²
784 2625 880 2708 (baec

468 2753 508 2799 m.
533 2731 565 2796 ll
592 2732 763 2800 coniuncta
791 2735 879 2816 sunt)

351 2841 422 2908 128
461 2841 635 2926 penetrata
655 2841 711 2905 boc
937 2841 1110 2923 penetralia
1131 2841 1205 2907 bace
1227 2838 1283 2905 bn
1310 2839 1344 2916 in
1368 2839 1393 2908 0

987 2946 1108 3014 omissa

350 3056 443 3122 1216
466 3057 603 3120 admissa
942 3056 1056 3120 ambra

349 3164 443 3231 1217
468 3166 626 3245 oupemtior
941 3165 1101 3246 mipaurtior

349 3271 445 3337 1424
462 3271 602 3355 plurium
934 3271 1104 3355 pharamam

349 3379 421 3444 lul
467 3380 535 3462 duro
943 3379 950 3392 ⁶

349 3488 443 3554 1726
467 3488 621 3568 emupiorio

349 3594 443 3662 1825
466 3596 621 3660 uideretur

347 3702 440 3768 2121
466 3703 602 3766 redolent

347 3809 443 3878 2316
467 3817 691 3895 cotuepamdar
940 3815 1159 3892 coaequentur
1181 3805 1230 3872 CA

940 3923 1155 4000 cousequenter
1178 3914 1208 3979 Ι)

346 4023 444 4091 2320
461 4045 561 4110 prope
935 4025 1063 4108 proprie
1087 4021 1142 4088 OD
1161 4025 1273 4108 propte
1294 4020 1319 4087 Δ

590 4200 662 4256 ΑΒΕ
1125 4197 1248 4258 vacuo

295 4291 317 4362 ¹)
335 4293 402 4348 dial.
421 4293 466 4350 52
518 4295 651 4348 moderati
965 4292 1077 4346 modesti

406 4383 482 4438 1221
519 4400 552 4436 ao
964 4387 988 4434 ct

405 4473 483 4527 15.18
519 4479 659 4526 concentus
965 4477 1101 4525 conteretur

405 4562 483 4618 llll
519 4569 605 4616 statu
966 4567 1071 4614 matum

405 4652 483 4707 19.14
519 4653 571 4706 alre
965 4652 1036 4704 altae

404 4741 465 4797 273
519 4737 713 4795 diminutoAE
732 4739 910 4794 dimunutaB
965 4741 1109 4794 clauicula.
