3459 5200
988 551 1031 616 84

915 642 1115 651 ..ν-Ψ*-

432 760 520 840 apud
547 761 787 825 Aristoxenum
821 759 1119 841 deprehendimus,
1153 780 1193 824 ea
1225 762 1267 825 ab
1294 737 1443 827 Aristide
1471 763 1598 827 omissa

431 881 505 926 esse
544 883 642 945 quam
688 865 730 928 ab
770 863 859 927 illius
899 867 1035 927 auctore
1074 862 1249 946 repudiata
1286 865 1494 947 probabilius
1530 871 1596 941 est;

429 984 461 1046 p.
485 965 535 1044 30,
565 968 584 1030 3
613 965 767 1052 συλλαβαί
794 967 950 1031 dicuntur
978 966 1079 1029 κοιναί
1104 967 1156 1031 vel
1185 963 1292 1052 μέσαι,
1324 989 1356 1050 p.
1379 968 1431 1050 36,
1458 969 1596 1033 att-32

429 1066 525 1152 μέτρα
549 1068 629 1154 μέσα
652 1069 896 1135 describuntur.

513 1172 530 1255 β
554 1174 583 1237 3.
627 1171 692 1236 Καὶ
713 1169 828 1237 τούτων
849 1170 889 1236 τὰ
911 1173 966 1258 μέν
988 1165 1214 1259 ἀπολελυμένα,
1242 1172 1283 1237 roi
1304 1173 1340 1237 δέ
1361 1173 1446 1238 κατὰ
1474 1173 1594 1259 σχέσιν·

427 1271 644 1359 ἀπολελυμένα
677 1275 732 1360 μὲν
765 1273 807 1351 ὥς
838 1273 925 1358 παρά
958 1283 1019 1352 τοῖς
1047 1284 1195 1361 κωμικοῖς
1223 1275 1257 1339 αῖ
1281 1275 1485 1363 παραβάσεις,
1511 1275 1594 1341 κατὰ

427 1376 534 1462 σχέσιν
555 1378 590 1441 δέ
613 1375 654 1455 ὡς
675 1377 714 1441 rol
736 1375 983 1461 ἀντιστρέφοντα,

512 1481 706 1546 Carminum
736 1502 753 1545 e
788 1480 1015 1564 compluribus
1047 1482 1200 1548 versibus
1235 1485 1495 1568 constantium¹)
1528 1485 1593 1550 alia

426 1605 501 1650 esse
524 1577 751 1668 ἀπολελυμένα,
781 1585 846 1650 alia
868 1582 953 1648 κατὰ
974 1583 1081 1669 σχέσιν
1110 1586 1208 1650 docet
1234 1587 1410 1652 Aristides.
1455 1588 1593 1666 Desunt,

424 1693 461 1753 ut
489 1709 550 1772 par
583 1693 648 1767 est,
683 1695 716 1754 et
749 1689 880 1775 μετρικοὶ
907 1687 1031 1752 ἄτακτα
1053 1694 1086 1753 et
1115 1690 1265 1755 carmina
1295 1689 1327 1768 ἐξ
1354 1682 1478 1775 ὁμοίιον,
1508 1713 1592 1776 quae

424 1811 547 1875 genera
580 1793 714 1858 aliunde
749 1813 824 1857 esse
857 1791 1009 1874 profecta
1044 1811 1152 1876 neque
1187 1794 1367 1858 convenire
1398 1801 1590 1877 poematum

424 1891 661 1981 ἀπολελυμένον
684 1901 716 1960 et
738 1893 821 1958 κατὰ
843 1894 950 1980 σχέσιν
972 1895 1181 1960 distinctioni
1208 1915 1310 1980 supra
1339 1899 1483 1962 ostendi.
1528 1901 1589 1964 lta-

424 2020 488 2083 que
510 2000 684 2081 probabile
708 2004 760 2063 est
782 2020 822 2063 ea
844 2001 886 2062 ab
909 1997 1057 2063 Aristide
1083 1999 1204 2063 abesse
1228 2019 1297 2064 non
1319 2000 1412 2079 ideo,
1440 2002 1532 2085 quod
1553 2003 1589 2079 is,

424 2103 480 2186 qui
509 2102 670 2184 largiores
705 2102 818 2184 copias
848 2102 883 2165 in
911 2103 1016 2166 artius
1046 2103 1222 2180 contraxit,
1247 2123 1327 2168 casu
1349 2104 1433 2168 haec
1453 2104 1590 2187 potissi-

423 2227 513 2272 mum
537 2225 660 2288 genera
683 2204 807 2282 omisit,
838 2206 898 2270 sed
925 2206 1015 2287 quod
1044 2206 1079 2270 in
1107 2226 1163 2286 eo,
1198 2227 1263 2289 quo
1297 2208 1469 2285 utebatur,
1498 2209 1590 2273 fonte

423 2311 479 2374 illa
507 2314 664 2392 poemata
699 2310 764 2373 huo
798 2310 937 2391 delapsa
970 2309 1121 2373 nondum
1155 2315 1258 2375 erant.
1310 2309 1398 2388 Quid
1431 2311 1588 2376 Aristidis

422 2419 538 2478 auctor
567 2414 608 2477 de
636 2413 801 2494 poematis
825 2411 858 2490 έξ
886 2409 999 2496 ὁμοίων
1026 2413 1222 2477 iudicaverit
1249 2413 1314 2476 dici
1344 2413 1475 2496 nequit;
1510 2415 1589 2480 illud

420 2537 523 2581 unum
568 2515 712 2581 fortasse
765 2517 936 2580 mentione
984 2516 1122 2596 dignum
1165 2522 1217 2581 est
1265 2516 1463 2606 Aristidem,
1514 2539 1588 2583 cum

421 2622 535 2685 omnia
571 2626 678 2686 metra
714 2640 878 2703 quasnam
914 2617 1161 2702 magnitudines
1196 2618 1347 2705 (μεγέθη)
1381 2622 1587 2697 contineant

420 2729 573 2790 accurate
597 2726 725 2803 doceat,
754 2724 795 2788 de
819 2724 930 2788 ionico
957 2744 978 2787 a
1004 2723 1136 2788 minore
1168 2724 1201 2789 h.
1231 2742 1259 2788 e.
1289 2740 1329 2787 eo
1363 2730 1487 2802 metro,
1523 2746 1586 2809 quo

421 2848 556 2893 carmen
579 2829 660 2893 illud
683 2828 853 2892 Alcaicum
876 2828 926 2908 (ci
954 2848 986 2909 p.
1009 2826 1080 2890 XIV
1103 2827 1136 2907 3)
1160 2827 1332 2891 conditum
1355 2831 1417 2907 est,
1441 2847 1484 2892 ne
1499 2832 1587 2893 tecte

422 2932 557 3014 quidem
587 2932 767 3016 quidquam
797 2931 996 3013 signiticare3
1031 2931 1071 2994 ci.
1093 2950 1124 3011 p.
1148 2931 1199 3009 33,
1230 2932 1279 2995 13.
1317 2931 1368 3010 34,
1398 2935 1426 2995 1.
1457 2933 1506 2996 19.
1536 2934 1586 2997 39.

418 3038 469 3113 35,
492 3038 522 3101 b.
546 3038 575 3101 7.
598 3038 649 3101 30.
673 3036 724 3113 36,
750 3038 780 3111 1;
805 3039 924 3099 contra
944 3055 977 3116 p.
1000 3035 1051 3111 35,
1074 3034 1210 3098 25-31.
1402 3064 1405 3069 ·

503 3140 595 3218 Quae
618 3139 661 3204 ad
687 3137 725 3202 τὰ
753 3135 970 3223 ἀπολελυμένα
999 3137 1198 3202 illustranda
1223 3137 1440 3219 proferuntur
1467 3138 1502 3201 αἱ
1528 3139 1586 3203 τῶν

417 3241 563 3326 κωμικῶν
585 3239 778 3327 παραβάσεις
800 3241 891 3306 haud
912 3245 1039 3305 temere
1062 3240 1206 3322 cuipiam
1228 3240 1457 3306 difficultatem
1471 3262 1585 3307 more-

416 3347 510 3425 bunt,
534 3350 649 3427 utpote
678 3365 762 3428 quae
792 3366 833 3410 ex
861 3349 990 3427 septem
1017 3344 1169 3426 partibus
1198 3348 1410 3423 constantes,
1444 3366 1584 3429 quarum

418 3453 487 3513 tres
512 3469 595 3532 quae
619 3449 825 3531 praecedunt
848 3452 925 3512 sunt
947 3445 1184 3531 ἀπολελυμέναι,
1205 3448 1353 3530 reliquae
1370 3446 1454 3511 κατὰ
1468 3447 1584 3533 σχέσιν,

416 3572 485 3615 uon
520 3553 664 3616 officiant
694 3572 831 3616 carmen
859 3544 1091 3635 ἀπολελυμένον
1119 3551 1180 3614 sed
1207 3550 1314 3635 μικτὸν
1339 3550 1583 3636 συστηματικόν;

416 3656 455 3719 cf.
495 3656 598 3720 schol.
640 3675 672 3738 p.
706 3656 763 3719 XV
806 3654 961 3719 1a-13,
1022 3655 1080 3731 At,
1120 3653 1247 3737 inquiS,
1286 3656 1449 3719 vocabulo
1483 3653 1585 3740 παραί-

415 3758 502 3845 βασις
524 3760 565 3823 ab
595 3758 742 3822 Aristide
771 3757 975 3839 significatur
1004 3776 1073 3821 non
1100 3761 1172 3821 tota
1199 3758 1391 3839 parabasis,
1421 3758 1481 3822 sed
1512 3760 1584 3823 sola

413 3862 519 3926 altera
541 3862 630 3925 illius
659 3881 754 3944 pars,
784 3861 835 3925 cui
870 3860 959 3942 apud
990 3860 1208 3924 Heliodorum
1239 3858 1318 3943 αὐτὴ
1345 3857 1367 3944 ἡ
1395 3857 1583 3946 παράβασις,

413 3966 501 4047 apud
523 3966 701 4048 plerosque
724 3964 754 4027 ot
775 3960 958 4028 ἀνάπαιστοι
980 3982 1105 4028 nomeu
1128 3967 1190 4028 est.
1234 3963 1328 4042 Quae
1355 3964 1419 4029 etsi
1444 3984 1482 4028 re
1503 3984 1583 4029 rera
1686 3979 1687 3990 ¹

412 4065 495 4131 κατὰ
510 4067 616 4153 στίχον
632 4068 851 4147 distribuitur,
869 4068 969 4132 otiam
985 4067 1074 4149 apud
1087 4066 1375 4149 Hephaestionem
1396 4069 1440 4149 (p.
1452 4068 1583 4131 XXVlll

412 4172 441 4235 8.
468 4172 519 4253 13)
542 4171 630 4237 inter
651 4168 690 4234 τοὶ
714 4169 932 4256 ἀπολελυμένα
955 4175 1178 4236 enumeratur.
1228 4171 1333 4234 Multo
1362 4175 1475 4235 [amm
1503 4192 1583 4253 pro-

411 4275 556 4339 babilius
580 4278 632 4338 est
654 4275 742 4355 apud
765 4274 923 4339 Aristidis
947 4278 1118 4339 auctorem
1140 4273 1266 4355 primas
1288 4279 1357 4339 tres
1374 4274 1583 4355 parabaseos

500 4516 519 4585 ¹)
537 4518 578 4569 Ad
602 4519 655 4571 hoc
677 4534 763 4571 unum
788 4532 874 4584 genus
899 4533 994 4569 vocem
1022 4516 1121 4569 τούτων
1148 4520 1273 4583 spectare
1301 4533 1334 4570 ex
1361 4518 1423 4585 ipsa
1448 4533 1478 4569 re
1503 4517 1582 4571 intel·

410 4602 521 4669 legitur;
541 4604 574 4657 cf.
594 4606 676 4657 etiam
696 4622 721 4672 p.
741 4605 782 4667 39,
806 4606 845 4657 la.
