<?xml version="1.0" encoding="UTF-8"?>
<!DOCTYPE html PUBLIC "-//W3C//DTD XHTML 1.0 Transitional//EN"
    "http://www.w3.org/TR/xhtml1/DTD/xhtml1-transitional.dtd">
<html xmlns="http://www.w3.org/1999/xhtml" xml:lang="en" lang="en">
 <head>
  <title>
</title>
<meta http-equiv="Content-Type" content="text/html;charset=utf-8" />
  <meta name='ocr-system' content='tesseract 3.04.00' />
  <meta name='ocr-capabilities' content='ocr_page ocr_carea ocr_par ocr_line ocrx_word'/>
</head>
<body>
  <div class='ocr_page' id='page_1' title='image "./detacitosenecae00zimmgoog_0015.png"; bbox 0 0 3459 5200; ppageno 0'>
   <div class='ocr_carea' id='block_1_1' title="bbox 985 419 1006 484">
    <p class='ocr_par' dir='ltr' id='par_1_1' title="bbox 985 419 1006 484">
     <span class='ocr_line' id='line_1_1' title="bbox 985 419 1006 484; baseline 0 0"><span class='ocrx_word' id='word_1_1' title='bbox 985 419 1006 484; x_wconf 82' lang='lat'><strong><em>2</em></strong></span> 
     </span>
    </p>
   </div>
   <div class='ocr_carea' id='block_1_2' title="bbox 886 509 1099 518">
    <p class='ocr_par' dir='ltr' id='par_1_2' title="bbox 886 509 1099 518">
     <span class='ocr_line' id='line_1_2' title="bbox 886 509 1099 518; baseline -0.005 0"><span class='ocrx_word' id='word_1_2' title='bbox 886 509 1099 518; x_wconf 72' lang='lat'>——-——-</span> 
     </span>
    </p>
   </div>
   <div class='ocr_carea' id='block_1_3' title="bbox 379 612 1603 1664">
    <p class='ocr_par' dir='ltr' id='par_1_3' title="bbox 379 612 1603 912">
     <span class='ocr_line' id='line_1_3' title="bbox 381 612 1603 698; baseline -0.002 -18"><span class='ocrx_word' id='word_1_3' title='bbox 381 615 559 681; x_wconf 89' lang='lat' dir='ltr'>orationem</span> <span class='ocrx_word' id='word_1_4' title='bbox 590 613 728 697; x_wconf 87' lang='lat' dir='ltr'>quodam</span> <span class='ocrx_word' id='word_1_5' title='bbox 762 613 857 679; x_wconf 94' lang='lat' dir='ltr'>modo</span> <span class='ocrx_word' id='word_1_6' title='bbox 890 612 1030 698; x_wconf 91' lang='lat' dir='ltr'>accedit,</span> <span class='ocrx_word' id='word_1_7' title='bbox 1062 619 1206 679; x_wconf 83' lang='lat' dir='ltr'>attamen</span> <span class='ocrx_word' id='word_1_8' title='bbox 1237 633 1301 677; x_wconf 95' lang='lat' dir='ltr'>non</span> <span class='ocrx_word' id='word_1_9' title='bbox 1333 614 1424 678; x_wconf 92' lang='lat' dir='ltr'>illum</span> <span class='ocrx_word' id='word_1_10' title='bbox 1452 613 1603 680; x_wconf 89' lang='lat' dir='ltr'>urbanum</span> 
     </span>
     <span class='ocr_line' id='line_1_4' title="bbox 380 720 1602 808; baseline 0.001 -22"><span class='ocrx_word' id='word_1_11' title='bbox 380 743 459 808; x_wconf 92' lang='lat' dir='ltr'>prae</span> <span class='ocrx_word' id='word_1_12' title='bbox 492 742 527 787; x_wconf 87' lang='lat' dir='ltr'>se</span> <span class='ocrx_word' id='word_1_13' title='bbox 560 721 622 786; x_wconf 82' lang='lat' dir='ltr'>lert</span> <span class='ocrx_word' id='word_1_14' title='bbox 653 721 806 800; x_wconf 89' lang='lat' dir='ltr'>colorem,</span> <span class='ocrx_word' id='word_1_15' title='bbox 847 720 906 786; x_wconf 88' lang='lat' dir='ltr'>sed</span> <span class='ocrx_word' id='word_1_16' title='bbox 937 741 1024 804; x_wconf 89' lang='lat' dir='ltr'>eum,</span> <span class='ocrx_word' id='word_1_17' title='bbox 1060 741 1122 803; x_wconf 93' lang='lat' dir='ltr'>quo</span> <span class='ocrx_word' id='word_1_18' title='bbox 1155 721 1343 804; x_wconf 91' lang='lat' dir='ltr'>plerumque</span> <span class='ocrx_word' id='word_1_19' title='bbox 1371 721 1402 785; x_wconf 92' lang='lat' dir='ltr'>in</span> <span class='ocrx_word' id='word_1_20' title='bbox 1430 721 1602 806; x_wconf 87' lang='lat' dir='ltr'>provinciis</span> 
     </span>
     <span class='ocr_line' id='line_1_5' title="bbox 379 827 758 912; baseline 0 -18"><span class='ocrx_word' id='word_1_21' title='bbox 379 829 551 894; x_wconf 91' lang='lat' dir='ltr'>utebantur</span> <span class='ocrx_word' id='word_1_22' title='bbox 574 827 758 912; x_wconf 77' lang='lat' dir='ltr'><strong>scriptores,</strong></span> 
     </span>
    </p>

    <p class='ocr_par' dir='ltr' id='par_1_4' title="bbox 379 921 1603 1664">
     <span class='ocr_line' id='line_1_6' title="bbox 470 921 1602 1020; baseline 0 -21"><span class='ocrx_word' id='word_1_23' title='bbox 470 935 560 1000; x_wconf 89' lang='lat' dir='ltr'>Haeo</span> <span class='ocrx_word' id='word_1_24' title='bbox 583 955 702 1000; x_wconf 80' lang='lat' dir='ltr'><strong>aureae</strong></span> <span class='ocrx_word' id='word_1_25' title='bbox 726 934 897 1000; x_wconf 77' lang='lat' dir='ltr'>latinitatis</span> <span class='ocrx_word' id='word_1_26' title='bbox 926 921 1055 1000; x_wconf 90' lang='lat' dir='ltr'>dicendi</span> <span class='ocrx_word' id='word_1_27' title='bbox 1088 954 1209 1017; x_wconf 92' lang='lat' dir='ltr'>genera</span> <span class='ocrx_word' id='word_1_28' title='bbox 1233 935 1279 1000; x_wconf 89' lang='lat' dir='ltr'>eis</span> <span class='ocrx_word' id='word_1_29' title='bbox 1303 935 1512 1020; x_wconf 89' lang='lat' dir='ltr'>temporibus,</span> <span class='ocrx_word' id='word_1_30' title='bbox 1537 936 1602 1018; x_wconf 89' lang='lat' dir='ltr'>qni-</span> 
     </span>
     <span class='ocr_line' id='line_1_7' title="bbox 379 1039 1603 1126; baseline -0.001 -18"><span class='ocrx_word' id='word_1_31' title='bbox 379 1043 440 1108; x_wconf 91' lang='lat' dir='ltr'>hus</span> <span class='ocrx_word' id='word_1_32' title='bbox 471 1043 635 1125; x_wconf 84' lang='lat' dir='ltr'>Augustus</span> <span class='ocrx_word' id='word_1_33' title='bbox 667 1041 843 1126; x_wconf 91' lang='lat' dir='ltr'>imperator</span> <span class='ocrx_word' id='word_1_34' title='bbox 875 1039 1024 1118; x_wconf 86' lang='lat' dir='ltr'>florebat,</span> <span class='ocrx_word' id='word_1_35' title='bbox 1056 1040 1228 1124; x_wconf 80' lang='lat' dir='ltr'>diligenter</span> <span class='ocrx_word' id='word_1_36' title='bbox 1261 1041 1505 1121; x_wconf 79' lang='lat' dir='ltr'>excolebantur,</span> <span class='ocrx_word' id='word_1_37' title='bbox 1534 1062 1603 1107; x_wconf 89' lang='lat' dir='ltr'>cum</span> 
     </span>
     <span class='ocr_line' id='line_1_8' title="bbox 380 1147 1603 1233; baseline -0.001 -18"><span class='ocrx_word' id='word_1_38' title='bbox 380 1149 465 1215; x_wconf 90' lang='lat' dir='ltr'>alins</span> <span class='ocrx_word' id='word_1_39' title='bbox 487 1149 580 1233; x_wconf 92' lang='lat' dir='ltr'>hunc,</span> <span class='ocrx_word' id='word_1_40' title='bbox 604 1148 688 1214; x_wconf 91' lang='lat' dir='ltr'>alius</span> <span class='ocrx_word' id='word_1_41' title='bbox 711 1148 800 1212; x_wconf 91' lang='lat' dir='ltr'>illum</span> <span class='ocrx_word' id='word_1_42' title='bbox 826 1154 1013 1230; x_wconf 84' lang='lat' dir='ltr'>sequeretur</span> <span class='ocrx_word' id='word_1_43' title='bbox 1035 1153 1214 1228; x_wconf 80' lang='lat' dir='ltr'>auctorem,</span> <span class='ocrx_word' id='word_1_44' title='bbox 1242 1147 1329 1215; x_wconf 90' lang='lat' dir='ltr'>unde</span> <span class='ocrx_word' id='word_1_45' title='bbox 1360 1149 1486 1215; x_wconf 89' lang='lat' dir='ltr'>semina</span> <span class='ocrx_word' id='word_1_46' title='bbox 1509 1155 1603 1232; x_wconf 84' lang='lat' dir='ltr'>atque</span> 
     </span>
     <span class='ocr_line' id='line_1_9' title="bbox 381 1253 1599 1341; baseline -0.001 -21"><span class='ocrx_word' id='word_1_47' title='bbox 381 1257 473 1321; x_wconf 87' lang='lat' dir='ltr'>initia</span> <span class='ocrx_word' id='word_1_48' title='bbox 494 1263 672 1340; x_wconf 80' lang='lat' dir='ltr'>argenteae</span> <span class='ocrx_word' id='word_1_49' title='bbox 695 1275 780 1338; x_wconf 90' lang='lat' dir='ltr'>quae</span> <span class='ocrx_word' id='word_1_50' title='bbox 802 1261 937 1320; x_wconf 91' lang='lat' dir='ltr'>vocatur</span> <span class='ocrx_word' id='word_1_51' title='bbox 964 1253 1136 1320; x_wconf 86' lang='lat' dir='ltr'>latinitatis</span> <span class='ocrx_word' id='word_1_52' title='bbox 1164 1263 1388 1340; x_wconf 84' lang='lat' dir='ltr'>manaverunt,</span> <span class='ocrx_word' id='word_1_53' title='bbox 1421 1255 1512 1322; x_wconf 92' lang='lat' dir='ltr'>cuius</span> <span class='ocrx_word' id='word_1_54' title='bbox 1539 1257 1599 1341; x_wconf 94' lang='lat' dir='ltr'>pri·</span> 
     </span>
     <span class='ocr_line' id='line_1_10' title="bbox 380 1361 1602 1445; baseline 0 -17"><span class='ocrx_word' id='word_1_55' title='bbox 380 1384 464 1428; x_wconf 93' lang='lat' dir='ltr'>mum</span> <span class='ocrx_word' id='word_1_56' title='bbox 489 1369 653 1428; x_wconf 81' lang='lat' dir='ltr'>auctorem</span> <span class='ocrx_word' id='word_1_57' title='bbox 673 1361 711 1429; x_wconf 83' lang='lat' dir='ltr'>T.</span> <span class='ocrx_word' id='word_1_58' title='bbox 740 1361 865 1426; x_wconf 88' lang='lat' dir='ltr'>Livium</span> <span class='ocrx_word' id='word_1_59' title='bbox 890 1381 1067 1444; x_wconf 79' lang='lat' dir='ltr'>agnoscere</span> <span class='ocrx_word' id='word_1_60' title='bbox 1091 1362 1176 1429; x_wconf 91' lang='lat' dir='ltr'>licet.</span> <span class='ocrx_word' id='word_1_61' title='bbox 1213 1361 1337 1429; x_wconf 91' lang='lat' dir='ltr'>Lactea</span> <span class='ocrx_word' id='word_1_62' title='bbox 1355 1362 1439 1427; x_wconf 89' lang='lat' dir='ltr'>Livii</span> <span class='ocrx_word' id='word_1_63' title='bbox 1464 1363 1602 1445; x_wconf 87' lang='lat' dir='ltr'>ubertas,</span> 
     </span>
     <span class='ocr_line' id='line_1_11' title="bbox 381 1468 1603 1555; baseline -0.002 -19"><span class='ocrx_word' id='word_1_64' title='bbox 381 1491 465 1555; x_wconf 89' lang='lat' dir='ltr'>quae</span> <span class='ocrx_word' id='word_1_65' title='bbox 488 1470 627 1535; x_wconf 86' lang='lat' dir='ltr'>maxime</span> <span class='ocrx_word' id='word_1_66' title='bbox 651 1468 809 1535; x_wconf 90' lang='lat' dir='ltr'>Herodoti</span> <span class='ocrx_word' id='word_1_67' title='bbox 832 1469 958 1534; x_wconf 88' lang='lat' dir='ltr'>redolet</span> <span class='ocrx_word' id='word_1_68' title='bbox 986 1469 1229 1554; x_wconf 89' lang='lat' dir='ltr'>benignitatem,</span> <span class='ocrx_word' id='word_1_69' title='bbox 1257 1471 1290 1535; x_wconf 92' lang='lat' dir='ltr'>in</span> <span class='ocrx_word' id='word_1_70' title='bbox 1321 1471 1426 1555; x_wconf 90' lang='lat' dir='ltr'>prima</span> <span class='ocrx_word' id='word_1_71' title='bbox 1453 1469 1603 1535; x_wconf 90' lang='lat' dir='ltr'>librorum</span> 
     </span>
     <span class='ocr_line' id='line_1_12' title="bbox 380 1575 1601 1664; baseline -0.002 -21"><span class='ocrx_word' id='word_1_72' title='bbox 380 1587 472 1664; x_wconf 88' lang='lat' dir='ltr'>parte</span> <span class='ocrx_word' id='word_1_73' title='bbox 504 1575 749 1662; x_wconf 89' lang='lat' dir='ltr'>provincialium</span> <span class='ocrx_word' id='word_1_74' title='bbox 772 1575 947 1642; x_wconf 80' lang='lat' dir='ltr'>idiotismis</span> <span class='ocrx_word' id='word_1_75' title='bbox 970 1595 1034 1641; x_wconf 92' lang='lat' dir='ltr'>non</span> <span class='ocrx_word' id='word_1_76' title='bbox 1057 1584 1160 1661; x_wconf 89' lang='lat' dir='ltr'>caret,</span> <span class='ocrx_word' id='word_1_77' title='bbox 1184 1576 1216 1641; x_wconf 95' lang='lat' dir='ltr'>in</span> <span class='ocrx_word' id='word_1_78' title='bbox 1239 1577 1418 1662; x_wconf 87' lang='lat' dir='ltr'>posteriore</span> <span class='ocrx_word' id='word_1_79' title='bbox 1440 1576 1601 1642; x_wconf 89' lang='lat' dir='ltr'>rhetorum</span> 
     </span>
    </p>
   </div>
   <div class='ocr_carea' id='block_1_4' title="bbox 282 1681 1601 1769">
    <p class='ocr_par' dir='ltr' id='par_1_5' title="bbox 282 1681 1601 1769">
     <span class='ocr_line' id='line_1_13' title="bbox 282 1681 1601 1769; baseline -0.002 -19"><span class='ocrx_word' id='word_1_80' title='bbox 282 1689 284 1693; x_wconf 83' lang='lat'>&#39;</span> <span class='ocrx_word' id='word_1_81' title='bbox 379 1705 501 1750; x_wconf 90' lang='lat' dir='ltr'>morem</span> <span class='ocrx_word' id='word_1_82' title='bbox 516 1683 669 1768; x_wconf 87' lang='lat' dir='ltr'>sequitur,</span> <span class='ocrx_word' id='word_1_83' title='bbox 694 1683 729 1747; x_wconf 94' lang='lat' dir='ltr'>id</span> <span class='ocrx_word' id='word_1_84' title='bbox 746 1681 831 1766; x_wconf 89' lang='lat' dir='ltr'>quod</span> <span class='ocrx_word' id='word_1_85' title='bbox 856 1683 908 1748; x_wconf 86' lang='lat' dir='ltr'>rel</span> <span class='ocrx_word' id='word_1_86' title='bbox 931 1683 1070 1749; x_wconf 85' lang='lat' dir='ltr'>maxime</span> <span class='ocrx_word' id='word_1_87' title='bbox 1094 1704 1134 1749; x_wconf 84' lang='lat' dir='ltr'>ex</span> <span class='ocrx_word' id='word_1_88' title='bbox 1158 1683 1366 1769; x_wconf 87' lang='lat' dir='ltr'>orationibus,</span> <span class='ocrx_word' id='word_1_89' title='bbox 1390 1704 1471 1768; x_wconf 89' lang='lat' dir='ltr'>quas</span> <span class='ocrx_word' id='word_1_90' title='bbox 1495 1705 1601 1748; x_wconf 91' lang='lat' dir='ltr'>narra-</span> 
     </span>
    </p>
   </div>
   <div class='ocr_carea' id='block_1_5' title="bbox 375 1790 1608 4770">
    <p class='ocr_par' dir='ltr' id='par_1_6' title="bbox 377 1790 1604 3036">
     <span class='ocr_line' id='line_1_14' title="bbox 380 1790 1602 1877; baseline 0 -21"><span class='ocrx_word' id='word_1_91' title='bbox 380 1793 461 1857; x_wconf 88' lang='lat' dir='ltr'>tioni</span> <span class='ocrx_word' id='word_1_92' title='bbox 484 1791 597 1858; x_wconf 90' lang='lat' dir='ltr'>inserit</span> <span class='ocrx_word' id='word_1_93' title='bbox 611 1791 730 1875; x_wconf 87' lang='lat' dir='ltr'>Livius,</span> <span class='ocrx_word' id='word_1_94' title='bbox 754 1810 950 1874; x_wconf 87' lang='lat' dir='ltr'>cognoscere</span> <span class='ocrx_word' id='word_1_95' title='bbox 974 1790 1059 1858; x_wconf 91' lang='lat' dir='ltr'>licet.</span> <span class='ocrx_word' id='word_1_96' title='bbox 1091 1791 1214 1857; x_wconf 87' lang='lat' dir='ltr'>Eodem</span> <span class='ocrx_word' id='word_1_97' title='bbox 1235 1799 1379 1877; x_wconf 89' lang='lat' dir='ltr'>tempore</span> <span class='ocrx_word' id='word_1_98' title='bbox 1397 1797 1431 1856; x_wconf 83' lang='lat' dir='ltr'>L.</span> <span class='ocrx_word' id='word_1_99' title='bbox 1451 1795 1602 1857; x_wconf 83' lang='lat' dir='ltr'>Annaeus</span> 
     </span>
     <span class='ocr_line' id='line_1_15' title="bbox 381 1896 1602 1984; baseline -0.002 -19"><span class='ocrx_word' id='word_1_100' title='bbox 381 1900 506 1965; x_wconf 88' lang='lat' dir='ltr'>Seneca</span> <span class='ocrx_word' id='word_1_101' title='bbox 528 1905 631 1984; x_wconf 85' lang='lat' dir='ltr'>pater,</span> <span class='ocrx_word' id='word_1_102' title='bbox 656 1896 883 1982; x_wconf 81' lang='lat' dir='ltr'>Cordubensis,</span> <span class='ocrx_word' id='word_1_103' title='bbox 901 1898 935 1962; x_wconf 90' lang='lat' dir='ltr'>id</span> <span class='ocrx_word' id='word_1_104' title='bbox 952 1918 1071 1983; x_wconf 91' lang='lat' dir='ltr'>prosae</span> <span class='ocrx_word' id='word_1_105' title='bbox 1090 1899 1246 1964; x_wconf 88' lang='lat' dir='ltr'>orationis</span> <span class='ocrx_word' id='word_1_106' title='bbox 1261 1919 1371 1984; x_wconf 90' lang='lat' dir='ltr'>genus,</span> <span class='ocrx_word' id='word_1_107' title='bbox 1386 1920 1450 1982; x_wconf 88' lang='lat' dir='ltr'>quo</span> <span class='ocrx_word' id='word_1_108' title='bbox 1466 1900 1602 1964; x_wconf 83' lang='lat' dir='ltr'>manime</span> 
     </span>
     <span class='ocr_line' id='line_1_16' title="bbox 379 2003 1602 2092; baseline -0.001 -20"><span class='ocrx_word' id='word_1_109' title='bbox 379 2006 643 2092; x_wconf 90' lang='lat' dir='ltr'>Hispaniensium</span> <span class='ocrx_word' id='word_1_110' title='bbox 671 2023 766 2071; x_wconf 89' lang='lat' dir='ltr'>aures</span> <span class='ocrx_word' id='word_1_111' title='bbox 794 2003 1051 2090; x_wconf 85' lang='lat' dir='ltr'>delectabantur,</span> <span class='ocrx_word' id='word_1_112' title='bbox 1079 2006 1171 2072; x_wconf 91' lang='lat' dir='ltr'>cuius</span> <span class='ocrx_word' id='word_1_113' title='bbox 1199 2005 1296 2071; x_wconf 89' lang='lat' dir='ltr'>ardor</span> <span class='ocrx_word' id='word_1_114' title='bbox 1323 2005 1456 2090; x_wconf 85' lang='lat' dir='ltr'>qnidam</span> <span class='ocrx_word' id='word_1_115' title='bbox 1487 2007 1602 2072; x_wconf 89' lang='lat' dir='ltr'>oratiu-</span> 
     </span>
     <span class='ocr_line' id='line_1_17' title="bbox 378 2112 1601 2198; baseline 0 -20"><span class='ocrx_word' id='word_1_116' title='bbox 378 2134 452 2179; x_wconf 90' lang='lat' dir='ltr'>nem</span> <span class='ocrx_word' id='word_1_117' title='bbox 484 2133 546 2178; x_wconf 93' lang='lat' dir='ltr'>non</span> <span class='ocrx_word' id='word_1_118' title='bbox 580 2112 683 2178; x_wconf 93' lang='lat' dir='ltr'>solum</span> <span class='ocrx_word' id='word_1_119' title='bbox 715 2112 881 2197; x_wconf 87' lang='lat' dir='ltr'>rhetorice,</span> <span class='ocrx_word' id='word_1_120' title='bbox 913 2132 1024 2178; x_wconf 86' lang='lat' dir='ltr'>verum</span> <span class='ocrx_word' id='word_1_121' title='bbox 1051 2113 1149 2178; x_wconf 89' lang='lat' dir='ltr'>etiam</span> <span class='ocrx_word' id='word_1_122' title='bbox 1176 2113 1302 2198; x_wconf 91' lang='lat' dir='ltr'>poetice</span> <span class='ocrx_word' id='word_1_123' title='bbox 1334 2112 1500 2178; x_wconf 91' lang='lat' dir='ltr'>colorandi</span> <span class='ocrx_word' id='word_1_124' title='bbox 1533 2133 1601 2198; x_wconf 93' lang='lat' dir='ltr'>pro-</span> 
     </span>
     <span class='ocr_line' id='line_1_18' title="bbox 378 2219 1602 2306; baseline -0.002 -19"><span class='ocrx_word' id='word_1_125' title='bbox 378 2221 469 2306; x_wconf 92' lang='lat' dir='ltr'>prius</span> <span class='ocrx_word' id='word_1_126' title='bbox 492 2226 555 2305; x_wconf 87' lang='lat' dir='ltr'>est,</span> <span class='ocrx_word' id='word_1_127' title='bbox 578 2220 712 2284; x_wconf 88' lang='lat' dir='ltr'>Romam</span> <span class='ocrx_word' id='word_1_128' title='bbox 740 2219 855 2284; x_wconf 90' lang='lat' dir='ltr'>intulit.</span> <span class='ocrx_word' id='word_1_129' title='bbox 910 2219 958 2283; x_wconf 86' lang='lat' dir='ltr'>Eo</span> <span class='ocrx_word' id='word_1_130' title='bbox 991 2226 1100 2286; x_wconf 89' lang='lat' dir='ltr'>autern</span> <span class='ocrx_word' id='word_1_131' title='bbox 1130 2220 1395 2305; x_wconf 89' lang='lat' dir='ltr'>Hispaniensium</span> <span class='ocrx_word' id='word_1_132' title='bbox 1428 2240 1532 2286; x_wconf 91' lang='lat' dir='ltr'>sermo</span> <span class='ocrx_word' id='word_1_133' title='bbox 1561 2221 1602 2285; x_wconf 89' lang='lat' dir='ltr'>ab</span> 
     </span>
     <span class='ocr_line' id='line_1_19' title="bbox 378 2326 1603 2413; baseline 0.001 -23"><span class='ocrx_word' id='word_1_134' title='bbox 378 2327 444 2413; x_wconf 89' lang='lat' dir='ltr'>illo,</span> <span class='ocrx_word' id='word_1_135' title='bbox 472 2347 535 2411; x_wconf 90' lang='lat' dir='ltr'>quo</span> <span class='ocrx_word' id='word_1_136' title='bbox 563 2328 735 2392; x_wconf 88' lang='lat' dir='ltr'>utebantur</span> <span class='ocrx_word' id='word_1_137' title='bbox 758 2326 913 2404; x_wconf 87' lang='lat' dir='ltr'>homines,</span> <span class='ocrx_word' id='word_1_138' title='bbox 939 2327 992 2410; x_wconf 92' lang='lat' dir='ltr'>qni</span> <span class='ocrx_word' id='word_1_139' title='bbox 1017 2327 1050 2391; x_wconf 92' lang='lat' dir='ltr'>in</span> <span class='ocrx_word' id='word_1_140' title='bbox 1073 2327 1170 2392; x_wconf 90' lang='lat' dir='ltr'>Italia</span> <span class='ocrx_word' id='word_1_141' title='bbox 1193 2328 1345 2411; x_wconf 89' lang='lat' dir='ltr'>agebant,</span> <span class='ocrx_word' id='word_1_142' title='bbox 1372 2327 1487 2406; x_wconf 86' lang='lat' dir='ltr'>differt,</span> <span class='ocrx_word' id='word_1_143' title='bbox 1518 2326 1603 2410; x_wconf 89' lang='lat' dir='ltr'>qnod</span> 
     </span>
     <span class='ocr_line' id='line_1_20' title="bbox 378 2432 1603 2520; baseline 0.002 -22"><span class='ocrx_word' id='word_1_144' title='bbox 378 2433 614 2520; x_wconf 88' lang='lat' dir='ltr'>Hispanienses</span> <span class='ocrx_word' id='word_1_145' title='bbox 636 2432 827 2499; x_wconf 86' lang='lat' dir='ltr'>brevitatem</span> <span class='ocrx_word' id='word_1_146' title='bbox 851 2432 1015 2517; x_wconf 88' lang='lat' dir='ltr'>quandam</span> <span class='ocrx_word' id='word_1_147' title='bbox 1040 2436 1196 2500; x_wconf 89' lang='lat' dir='ltr'>sermonis</span> <span class='ocrx_word' id='word_1_148' title='bbox 1227 2436 1494 2520; x_wconf 87' lang='lat' dir='ltr'>epigrammatum</span> <span class='ocrx_word' id='word_1_149' title='bbox 1516 2455 1603 2500; x_wconf 88' lang='lat' dir='ltr'>more</span> 
     </span>
     <span class='ocr_line' id='line_1_21' title="bbox 378 2540 1603 2627; baseline -0.001 -19"><span class='ocrx_word' id='word_1_150' title='bbox 378 2542 569 2627; x_wconf 86' lang='lat' dir='ltr'>captabant,</span> <span class='ocrx_word' id='word_1_151' title='bbox 602 2561 672 2607; x_wconf 89' lang='lat' dir='ltr'>curn</span> <span class='ocrx_word' id='word_1_152' title='bbox 700 2541 916 2606; x_wconf 85' lang='lat' dir='ltr'>Romanorum</span> <span class='ocrx_word' id='word_1_153' title='bbox 946 2541 1048 2606; x_wconf 88' lang='lat' dir='ltr'>oratio</span> <span class='ocrx_word' id='word_1_154' title='bbox 1077 2540 1322 2627; x_wconf 91' lang='lat' dir='ltr'>amplitudinem</span> <span class='ocrx_word' id='word_1_155' title='bbox 1354 2541 1519 2626; x_wconf 90' lang='lat' dir='ltr'>quandam</span> <span class='ocrx_word' id='word_1_156' title='bbox 1552 2562 1603 2608; x_wconf 80' lang='lat' dir='ltr'>ex·</span> 
     </span>
     <span class='ocr_line' id='line_1_22' title="bbox 379 2647 1604 2735; baseline 0.002 -22"><span class='ocrx_word' id='word_1_157' title='bbox 379 2648 502 2734; x_wconf 92' lang='lat' dir='ltr'>bibeat,</span> <span class='ocrx_word' id='word_1_158' title='bbox 536 2650 564 2715; x_wconf 79' lang='lat' dir='ltr'>si</span> <span class='ocrx_word' id='word_1_159' title='bbox 597 2669 668 2714; x_wconf 92' lang='lat' dir='ltr'>cum</span> <span class='ocrx_word' id='word_1_160' title='bbox 701 2647 968 2733; x_wconf 88' lang='lat' dir='ltr'>Hispaniensium</span> <span class='ocrx_word' id='word_1_161' title='bbox 997 2649 1174 2715; x_wconf 86' lang='lat' dir='ltr'>acrimonia</span> <span class='ocrx_word' id='word_1_162' title='bbox 1206 2651 1454 2735; x_wconf 91' lang='lat' dir='ltr'>comparaveris.</span> <span class='ocrx_word' id='word_1_163' title='bbox 1510 2649 1604 2727; x_wconf 84' lang='lat' dir='ltr'>Quod</span> 
     </span>
     <span class='ocr_line' id='line_1_23' title="bbox 378 2756 1604 2841; baseline 0.002 -21"><span class='ocrx_word' id='word_1_164' title='bbox 378 2762 571 2821; x_wconf 92' lang='lat' dir='ltr'>momentum</span> <span class='ocrx_word' id='word_1_165' title='bbox 595 2756 821 2839; x_wconf 87' lang='lat' dir='ltr'>gravissimum</span> <span class='ocrx_word' id='word_1_166' title='bbox 845 2775 865 2820; x_wconf 91' lang='lat' dir='ltr'>a</span> <span class='ocrx_word' id='word_1_167' title='bbox 889 2757 1015 2821; x_wconf 91' lang='lat' dir='ltr'>Seneca</span> <span class='ocrx_word' id='word_1_168' title='bbox 1045 2763 1138 2841; x_wconf 90' lang='lat' dir='ltr'>patre</span> <span class='ocrx_word' id='word_1_169' title='bbox 1161 2758 1195 2821; x_wconf 92' lang='lat' dir='ltr'>in</span> <span class='ocrx_word' id='word_1_170' title='bbox 1218 2757 1344 2823; x_wconf 87' lang='lat' dir='ltr'>litteras</span> <span class='ocrx_word' id='word_1_171' title='bbox 1368 2758 1531 2823; x_wconf 87' lang='lat' dir='ltr'>Romanas</span> <span class='ocrx_word' id='word_1_172' title='bbox 1558 2757 1604 2822; x_wconf 90' lang='lat' dir='ltr'>in·</span> 
     </span>
     <span class='ocr_line' id='line_1_24' title="bbox 378 2862 1604 2948; baseline 0.002 -20"><span class='ocrx_word' id='word_1_173' title='bbox 378 2863 476 2928; x_wconf 89' lang='lat' dir='ltr'>latum</span> <span class='ocrx_word' id='word_1_174' title='bbox 500 2862 577 2927; x_wconf 90' lang='lat' dir='ltr'>inde</span> <span class='ocrx_word' id='word_1_175' title='bbox 600 2884 621 2927; x_wconf 90' lang='lat' dir='ltr'>a</span> <span class='ocrx_word' id='word_1_176' title='bbox 644 2862 708 2927; x_wconf 90' lang='lat' dir='ltr'>fine</span> <span class='ocrx_word' id='word_1_177' title='bbox 731 2862 854 2928; x_wconf 89' lang='lat' dir='ltr'>saeculi</span> <span class='ocrx_word' id='word_1_178' title='bbox 873 2883 903 2929; x_wconf 91' lang='lat' dir='ltr'>a.</span> <span class='ocrx_word' id='word_1_179' title='bbox 920 2862 992 2927; x_wconf 80' lang='lat' dir='ltr'>Chr.</span> <span class='ocrx_word' id='word_1_180' title='bbox 1016 2884 1045 2926; x_wconf 94' lang='lat' dir='ltr'>n.</span> <span class='ocrx_word' id='word_1_181' title='bbox 1071 2864 1165 2948; x_wconf 91' lang='lat' dir='ltr'>primi</span> <span class='ocrx_word' id='word_1_182' title='bbox 1190 2884 1247 2948; x_wconf 89' lang='lat' dir='ltr'>per</span> <span class='ocrx_word' id='word_1_183' title='bbox 1269 2871 1395 2929; x_wconf 90' lang='lat' dir='ltr'>centnm</span> <span class='ocrx_word' id='word_1_184' title='bbox 1414 2863 1482 2929; x_wconf 85' lang='lat' dir='ltr'>fere</span> <span class='ocrx_word' id='word_1_185' title='bbox 1502 2884 1604 2931; x_wconf 89' lang='lat' dir='ltr'>annos</span> 
     </span>
     <span class='ocr_line' id='line_1_25' title="bbox 377 2968 958 3036; baseline 0.005 -3"><span class='ocrx_word' id='word_1_186' title='bbox 377 2970 411 3035; x_wconf 94' lang='lat' dir='ltr'>in</span> <span class='ocrx_word' id='word_1_187' title='bbox 434 2969 575 3035; x_wconf 89' lang='lat' dir='ltr'>dictione</span> <span class='ocrx_word' id='word_1_188' title='bbox 598 2970 744 3035; x_wconf 86' lang='lat' dir='ltr'>Romana</span> <span class='ocrx_word' id='word_1_189' title='bbox 767 2968 958 3036; x_wconf 89' lang='lat' dir='ltr'>dominatur.</span> 
     </span>
    </p>

    <p class='ocr_par' dir='ltr' id='par_1_7' title="bbox 375 3076 1608 4770">
     <span class='ocr_line' id='line_1_26' title="bbox 467 3076 1605 3164; baseline 0.003 -23"><span class='ocrx_word' id='word_1_190' title='bbox 467 3076 499 3143; x_wconf 90' lang='lat' dir='ltr'>Is</span> <span class='ocrx_word' id='word_1_191' title='bbox 523 3084 641 3151; x_wconf 80' lang='lat' dir='ltr'>autern,</span> <span class='ocrx_word' id='word_1_192' title='bbox 666 3076 721 3160; x_wconf 90' lang='lat' dir='ltr'>qni</span> <span class='ocrx_word' id='word_1_193' title='bbox 744 3078 828 3142; x_wconf 88' lang='lat' dir='ltr'>inter</span> <span class='ocrx_word' id='word_1_194' title='bbox 850 3083 1000 3143; x_wconf 91' lang='lat' dir='ltr'>auctores</span> <span class='ocrx_word' id='word_1_195' title='bbox 1024 3084 1200 3160; x_wconf 86' lang='lat' dir='ltr'>argenteae</span> <span class='ocrx_word' id='word_1_196' title='bbox 1223 3078 1396 3143; x_wconf 88' lang='lat' dir='ltr'>latinitatis</span> <span class='ocrx_word' id='word_1_197' title='bbox 1426 3079 1605 3164; x_wconf 91' lang='lat' dir='ltr'>principem</span> 
     </span>
     <span class='ocr_line' id='line_1_27' title="bbox 378 3184 1605 3270; baseline 0.002 -21"><span class='ocrx_word' id='word_1_198' title='bbox 378 3190 466 3249; x_wconf 83' lang='lat' dir='ltr'>tenet</span> <span class='ocrx_word' id='word_1_199' title='bbox 490 3185 602 3268; x_wconf 91' lang='lat' dir='ltr'>locum,</span> <span class='ocrx_word' id='word_1_200' title='bbox 626 3184 721 3249; x_wconf 90' lang='lat' dir='ltr'>huius</span> <span class='ocrx_word' id='word_1_201' title='bbox 744 3184 848 3269; x_wconf 88' lang='lat' dir='ltr'>ipsius</span> <span class='ocrx_word' id='word_1_202' title='bbox 873 3184 1018 3249; x_wconf 87' lang='lat' dir='ltr'>Senecae</span> <span class='ocrx_word' id='word_1_203' title='bbox 1040 3184 1127 3250; x_wconf 89' lang='lat' dir='ltr'>filius</span> <span class='ocrx_word' id='word_1_204' title='bbox 1151 3192 1210 3269; x_wconf 91' lang='lat' dir='ltr'>est,</span> <span class='ocrx_word' id='word_1_205' title='bbox 1232 3184 1269 3251; x_wconf 89' lang='lat' dir='ltr'>L.</span> <span class='ocrx_word' id='word_1_206' title='bbox 1292 3184 1445 3250; x_wconf 77' lang='lat' dir='ltr'>Annaeus</span> <span class='ocrx_word' id='word_1_207' title='bbox 1469 3186 1605 3270; x_wconf 87' lang='lat' dir='ltr'>Seneca,</span> 
     </span>
     <span class='ocr_line' id='line_1_28' title="bbox 378 3290 1603 3376; baseline 0.002 -21"><span class='ocrx_word' id='word_1_208' title='bbox 378 3310 441 3374; x_wconf 85' lang='lat' dir='ltr'>quo</span> <span class='ocrx_word' id='word_1_209' title='bbox 464 3311 557 3357; x_wconf 92' lang='lat' dir='ltr'>nemo</span> <span class='ocrx_word' id='word_1_210' title='bbox 581 3290 649 3357; x_wconf 86' lang='lat' dir='ltr'>fere</span> <span class='ocrx_word' id='word_1_211' title='bbox 674 3291 864 3376; x_wconf 91' lang='lat' dir='ltr'>scriptorum</span> <span class='ocrx_word' id='word_1_212' title='bbox 887 3291 1102 3355; x_wconf 86' lang='lat' dir='ltr'>Romanorum</span> <span class='ocrx_word' id='word_1_213' title='bbox 1126 3293 1281 3357; x_wconf 89' lang='lat' dir='ltr'>maiorem</span> <span class='ocrx_word' id='word_1_214' title='bbox 1304 3292 1371 3357; x_wconf 90' lang='lat' dir='ltr'>stili</span> <span class='ocrx_word' id='word_1_215' title='bbox 1399 3292 1603 3376; x_wconf 90' lang='lat' dir='ltr'>splendorem</span> 
     </span>
     <span class='ocr_line' id='line_1_29' title="bbox 378 3397 1605 3481; baseline 0.002 -20"><span class='ocrx_word' id='word_1_216' title='bbox 378 3397 552 3464; x_wconf 90' lang='lat' dir='ltr'>adsecutus</span> <span class='ocrx_word' id='word_1_217' title='bbox 576 3404 634 3466; x_wconf 90' lang='lat' dir='ltr'>est.</span> <span class='ocrx_word' id='word_1_218' title='bbox 682 3397 789 3463; x_wconf 91' lang='lat' dir='ltr'>Patris</span> <span class='ocrx_word' id='word_1_219' title='bbox 814 3397 899 3461; x_wconf 90' lang='lat' dir='ltr'>enim</span> <span class='ocrx_word' id='word_1_220' title='bbox 926 3398 1076 3481; x_wconf 86' lang='lat' dir='ltr'>vestigiis</span> <span class='ocrx_word' id='word_1_221' title='bbox 1105 3398 1259 3465; x_wconf 88' lang='lat' dir='ltr'>insistens</span> <span class='ocrx_word' id='word_1_222' title='bbox 1285 3399 1405 3475; x_wconf 84' lang='lat' dir='ltr'>flumen</span> <span class='ocrx_word' id='word_1_223' title='bbox 1433 3401 1605 3466; x_wconf 86' lang='lat' dir='ltr'>verborum</span> 
     </span>
     <span class='ocr_line' id='line_1_30' title="bbox 378 3488 1606 3591; baseline 0.003 -22"><span class='ocrx_word' id='word_1_224' title='bbox 378 3511 410 3569; x_wconf 88' lang='lat' dir='ltr'>et</span> <span class='ocrx_word' id='word_1_225' title='bbox 432 3505 676 3589; x_wconf 85' lang='lat' dir='ltr'>volubilitatem,</span> <span class='ocrx_word' id='word_1_226' title='bbox 700 3524 797 3587; x_wconf 86' lang='lat' dir='ltr'>quarn</span> <span class='ocrx_word' id='word_1_227' title='bbox 822 3488 1035 3570; x_wconf 80' lang='lat' dir='ltr'>Ciceroniana</span> <span class='ocrx_word' id='word_1_228' title='bbox 1059 3506 1162 3572; x_wconf 91' lang='lat' dir='ltr'>oratio</span> <span class='ocrx_word' id='word_1_229' title='bbox 1187 3505 1418 3591; x_wconf 85' lang='lat' dir='ltr'>adfectaverat,</span> <span class='ocrx_word' id='word_1_230' title='bbox 1442 3508 1606 3573; x_wconf 89' lang='lat' dir='ltr'>distinctis</span> 
     </span>
     <span class='ocr_line' id='line_1_31' title="bbox 378 3610 1607 3696; baseline 0.001 -19"><span class='ocrx_word' id='word_1_231' title='bbox 378 3620 410 3677; x_wconf 91' lang='lat' dir='ltr'>et</span> <span class='ocrx_word' id='word_1_232' title='bbox 432 3612 644 3696; x_wconf 89' lang='lat' dir='ltr'>interpunctis</span> <span class='ocrx_word' id='word_1_233' title='bbox 674 3610 854 3677; x_wconf 88' lang='lat' dir='ltr'>intervallis</span> <span class='ocrx_word' id='word_1_234' title='bbox 886 3612 933 3676; x_wconf 92' lang='lat' dir='ltr'>ita</span> <span class='ocrx_word' id='word_1_235' title='bbox 965 3611 1115 3696; x_wconf 92' lang='lat' dir='ltr'>inhibuit,</span> <span class='ocrx_word' id='word_1_236' title='bbox 1147 3620 1183 3677; x_wconf 89' lang='lat' dir='ltr'>ut</span> <span class='ocrx_word' id='word_1_237' title='bbox 1216 3613 1353 3696; x_wconf 90' lang='lat' dir='ltr'>singulis</span> <span class='ocrx_word' id='word_1_238' title='bbox 1385 3614 1466 3680; x_wconf 90' lang='lat' dir='ltr'>colis</span> <span class='ocrx_word' id='word_1_239' title='bbox 1493 3634 1607 3679; x_wconf 89' lang='lat' dir='ltr'>morae</span> 
     </span>
     <span class='ocr_line' id='line_1_32' title="bbox 377 3717 1607 3804; baseline 0.002 -22"><span class='ocrx_word' id='word_1_240' title='bbox 377 3726 475 3801; x_wconf 87' lang='lat' dir='ltr'>atque</span> <span class='ocrx_word' id='word_1_241' title='bbox 507 3719 739 3802; x_wconf 87' lang='lat' dir='ltr'>respirationes</span> <span class='ocrx_word' id='word_1_242' title='bbox 774 3717 1023 3803; x_wconf 87' lang='lat' dir='ltr'>intercederent,</span> <span class='ocrx_word' id='word_1_243' title='bbox 1062 3728 1095 3784; x_wconf 90' lang='lat' dir='ltr'>et</span> <span class='ocrx_word' id='word_1_244' title='bbox 1132 3740 1194 3802; x_wconf 87' lang='lat' dir='ltr'>quo</span> <span class='ocrx_word' id='word_1_245' title='bbox 1230 3721 1336 3803; x_wconf 88' lang='lat' dir='ltr'>magis</span> <span class='ocrx_word' id='word_1_246' title='bbox 1369 3721 1498 3804; x_wconf 86' lang='lat' dir='ltr'>singula</span> <span class='ocrx_word' id='word_1_247' title='bbox 1531 3723 1607 3787; x_wconf 90' lang='lat' dir='ltr'>cola</span> 
     </span>
     <span class='ocr_line' id='line_1_33' title="bbox 377 3824 1605 3908; baseline 0.003 -19"><span class='ocrx_word' id='word_1_248' title='bbox 377 3825 615 3903; x_wconf 88' lang='lat' dir='ltr'>coartabantur,</span> <span class='ocrx_word' id='word_1_249' title='bbox 641 3844 679 3890; x_wconf 93' lang='lat' dir='ltr'>eo</span> <span class='ocrx_word' id='word_1_250' title='bbox 702 3826 809 3908; x_wconf 88' lang='lat' dir='ltr'>magis</span> <span class='ocrx_word' id='word_1_251' title='bbox 832 3824 980 3891; x_wconf 91' lang='lat' dir='ltr'>clausula</span> <span class='ocrx_word' id='word_1_252' title='bbox 1003 3826 1203 3891; x_wconf 92' lang='lat' dir='ltr'>concisorum</span> <span class='ocrx_word' id='word_1_253' title='bbox 1227 3836 1260 3892; x_wconf 92' lang='lat' dir='ltr'>et</span> <span class='ocrx_word' id='word_1_254' title='bbox 1282 3827 1408 3892; x_wconf 91' lang='lat' dir='ltr'>initium</span> <span class='ocrx_word' id='word_1_255' title='bbox 1432 3829 1605 3907; x_wconf 87' lang='lat' dir='ltr'>emicabat,</span> 
     </span>
     <span class='ocr_line' id='line_1_34' title="bbox 377 3932 1607 4017; baseline 0.002 -20"><span class='ocrx_word' id='word_1_256' title='bbox 377 3952 449 3997; x_wconf 88' lang='lat' dir='ltr'>curn</span> <span class='ocrx_word' id='word_1_257' title='bbox 477 3933 666 4017; x_wconf 91' lang='lat' dir='ltr'>praesertim</span> <span class='ocrx_word' id='word_1_258' title='bbox 691 3932 813 3997; x_wconf 91' lang='lat' dir='ltr'>numeri</span> <span class='ocrx_word' id='word_1_259' title='bbox 842 3932 975 3997; x_wconf 90' lang='lat' dir='ltr'>oratorii</span> <span class='ocrx_word' id='word_1_260' title='bbox 998 3939 1031 3999; x_wconf 88' lang='lat' dir='ltr'>et</span> <span class='ocrx_word' id='word_1_261' title='bbox 1055 3934 1224 3999; x_wconf 87' lang='lat' dir='ltr'>verborum</span> <span class='ocrx_word' id='word_1_262' title='bbox 1251 3934 1474 4000; x_wconf 88' lang='lat' dir='ltr'>collocationis</span> <span class='ocrx_word' id='word_1_263' title='bbox 1503 3937 1607 4001; x_wconf 82' lang='lat' dir='ltr'>maxi-</span> 
     </span>
     <span class='ocr_line' id='line_1_35' title="bbox 376 4039 1605 4124; baseline 0.003 -20"><span class='ocrx_word' id='word_1_264' title='bbox 376 4059 461 4104; x_wconf 91' lang='lat' dir='ltr'>mam</span> <span class='ocrx_word' id='word_1_265' title='bbox 495 4039 651 4104; x_wconf 89' lang='lat' dir='ltr'>rationem</span> <span class='ocrx_word' id='word_1_266' title='bbox 682 4039 824 4105; x_wconf 91' lang='lat' dir='ltr'>haberet.</span> <span class='ocrx_word' id='word_1_267' title='bbox 877 4040 996 4103; x_wconf 91' lang='lat' dir='ltr'>Sonum</span> <span class='ocrx_word' id='word_1_268' title='bbox 1026 4040 1136 4123; x_wconf 89' lang='lat' dir='ltr'>itaque</span> <span class='ocrx_word' id='word_1_269' title='bbox 1165 4050 1198 4107; x_wconf 90' lang='lat' dir='ltr'>et</span> <span class='ocrx_word' id='word_1_270' title='bbox 1225 4042 1322 4106; x_wconf 91' lang='lat' dir='ltr'>ictum</span> <span class='ocrx_word' id='word_1_271' title='bbox 1346 4041 1508 4124; x_wconf 90' lang='lat' dir='ltr'>quendam</span> <span class='ocrx_word' id='word_1_272' title='bbox 1532 4064 1605 4108; x_wconf 90' lang='lat' dir='ltr'>ora·</span> 
     </span>
     <span class='ocr_line' id='line_1_36' title="bbox 377 4146 1606 4234; baseline 0.002 -23"><span class='ocrx_word' id='word_1_273' title='bbox 377 4147 473 4212; x_wconf 91' lang='lat' dir='ltr'>tionis</span> <span class='ocrx_word' id='word_1_274' title='bbox 507 4146 682 4211; x_wconf 89' lang='lat' dir='ltr'>adsecutus</span> <span class='ocrx_word' id='word_1_275' title='bbox 715 4153 780 4229; x_wconf 91' lang='lat' dir='ltr'>est,</span> <span class='ocrx_word' id='word_1_276' title='bbox 814 4165 887 4210; x_wconf 93' lang='lat' dir='ltr'>cum</span> <span class='ocrx_word' id='word_1_277' title='bbox 914 4146 1102 4231; x_wconf 88' lang='lat' dir='ltr'>plerumque</span> <span class='ocrx_word' id='word_1_278' title='bbox 1125 4168 1166 4213; x_wconf 91' lang='lat' dir='ltr'>ne</span> <span class='ocrx_word' id='word_1_279' title='bbox 1188 4148 1367 4233; x_wconf 86' lang='lat' dir='ltr'>particulas</span> <span class='ocrx_word' id='word_1_280' title='bbox 1390 4148 1536 4234; x_wconf 85' lang='lat' dir='ltr'>quidem,</span> <span class='ocrx_word' id='word_1_281' title='bbox 1564 4170 1606 4215; x_wconf 81' lang='lat' dir='ltr'>ex</span> 
     </span>
     <span class='ocr_line' id='line_1_37' title="bbox 376 4252 1608 4341; baseline 0.005 -24"><span class='ocrx_word' id='word_1_282' title='bbox 376 4254 501 4338; x_wconf 89' lang='lat' dir='ltr'>quibus,</span> <span class='ocrx_word' id='word_1_283' title='bbox 526 4272 588 4337; x_wconf 92' lang='lat' dir='ltr'>quo</span> <span class='ocrx_word' id='word_1_284' title='bbox 612 4252 707 4317; x_wconf 90' lang='lat' dir='ltr'>modo</span> <span class='ocrx_word' id='word_1_285' title='bbox 732 4254 862 4335; x_wconf 92' lang='lat' dir='ltr'>singula</span> <span class='ocrx_word' id='word_1_286' title='bbox 882 4253 1013 4319; x_wconf 90' lang='lat' dir='ltr'>concisa</span> <span class='ocrx_word' id='word_1_287' title='bbox 1033 4255 1116 4321; x_wconf 89' lang='lat' dir='ltr'>inter</span> <span class='ocrx_word' id='word_1_288' title='bbox 1131 4275 1168 4321; x_wconf 90' lang='lat' dir='ltr'>se</span> <span class='ocrx_word' id='word_1_289' title='bbox 1181 4256 1398 4340; x_wconf 89' lang='lat' dir='ltr'>iungerentur,</span> <span class='ocrx_word' id='word_1_290' title='bbox 1422 4266 1608 4341; x_wconf 76' lang='lat' dir='ltr'>appareret,</span> 
     </span>
     <span class='ocr_line' id='line_1_38' title="bbox 375 4360 1608 4430; baseline 0.005 -6"><span class='ocrx_word' id='word_1_291' title='bbox 375 4361 540 4427; x_wconf 88' lang='lat' dir='ltr'>insereret.</span> <span class='ocrx_word' id='word_1_292' title='bbox 596 4360 660 4425; x_wconf 88' lang='lat' dir='ltr'>Sed</span> <span class='ocrx_word' id='word_1_293' title='bbox 693 4380 756 4425; x_wconf 93' lang='lat' dir='ltr'>non</span> <span class='ocrx_word' id='word_1_294' title='bbox 789 4360 893 4425; x_wconf 92' lang='lat' dir='ltr'>solum</span> <span class='ocrx_word' id='word_1_295' title='bbox 924 4360 1076 4426; x_wconf 80' lang='lat' dir='ltr'>brevitati</span> <span class='ocrx_word' id='word_1_296' title='bbox 1105 4362 1334 4428; x_wconf 89' lang='lat' dir='ltr'>sententiarum</span> <span class='ocrx_word' id='word_1_297' title='bbox 1363 4362 1457 4428; x_wconf 94' lang='lat' dir='ltr'>homo</span> <span class='ocrx_word' id='word_1_298' title='bbox 1482 4364 1608 4430; x_wconf 83' lang='lat' dir='ltr'>(lordu-</span> 
     </span>
     <span class='ocr_line' id='line_1_39' title="bbox 376 4466 1606 4555; baseline 0.002 -22"><span class='ocrx_word' id='word_1_299' title='bbox 376 4468 486 4533; x_wconf 88' lang='lat' dir='ltr'>bensis</span> <span class='ocrx_word' id='word_1_300' title='bbox 510 4486 642 4552; x_wconf 88' lang='lat' dir='ltr'>operam</span> <span class='ocrx_word' id='word_1_301' title='bbox 667 4466 776 4551; x_wconf 91' lang='lat' dir='ltr'>dabat,</span> <span class='ocrx_word' id='word_1_302' title='bbox 800 4486 909 4532; x_wconf 89' lang='lat' dir='ltr'>vemm</span> <span class='ocrx_word' id='word_1_303' title='bbox 935 4468 1047 4553; x_wconf 88' lang='lat' dir='ltr'>etiam,</span> <span class='ocrx_word' id='word_1_304' title='bbox 1071 4470 1223 4552; x_wconf 90' lang='lat' dir='ltr'>quoniam</span> <span class='ocrx_word' id='word_1_305' title='bbox 1251 4470 1377 4555; x_wconf 90' lang='lat' dir='ltr'>etipse</span> <span class='ocrx_word' id='word_1_306' title='bbox 1400 4480 1499 4555; x_wconf 87' lang='lat' dir='ltr'>pocta</span> <span class='ocrx_word' id='word_1_307' title='bbox 1523 4480 1606 4549; x_wconf 78' lang='lat' dir='ltr'>erat,</span> 
     </span>
     <span class='ocr_line' id='line_1_40' title="bbox 376 4574 1608 4660; baseline 0.004 -21"><span class='ocrx_word' id='word_1_308' title='bbox 376 4574 505 4660; x_wconf 89' lang='lat' dir='ltr'>poetico</span> <span class='ocrx_word' id='word_1_309' title='bbox 530 4574 656 4639; x_wconf 84' lang='lat' dir='ltr'>solutae</span> <span class='ocrx_word' id='word_1_310' title='bbox 688 4574 845 4641; x_wconf 92' lang='lat' dir='ltr'>orationis</span> <span class='ocrx_word' id='word_1_311' title='bbox 879 4574 992 4659; x_wconf 92' lang='lat' dir='ltr'>colori,</span> <span class='ocrx_word' id='word_1_312' title='bbox 1025 4596 1088 4658; x_wconf 91' lang='lat' dir='ltr'>quo</span> <span class='ocrx_word' id='word_1_313' title='bbox 1120 4577 1154 4641; x_wconf 89' lang='lat' dir='ltr'>in</span> <span class='ocrx_word' id='word_1_314' title='bbox 1187 4596 1306 4660; x_wconf 88' lang='lat' dir='ltr'>genere</span> <span class='ocrx_word' id='word_1_315' title='bbox 1334 4577 1473 4643; x_wconf 84' lang='lat' dir='ltr'>maxime</span> <span class='ocrx_word' id='word_1_316' title='bbox 1502 4578 1608 4644; x_wconf 90' lang='lat' dir='ltr'>auda·</span> 
     </span>
     <span class='ocr_line' id='line_1_41' title="bbox 376 4679 1608 4770; baseline 0.002 -24"><span class='ocrx_word' id='word_1_317' title='bbox 376 4681 525 4747; x_wconf 90' lang='lat' dir='ltr'>cissimas</span> <span class='ocrx_word' id='word_1_318' title='bbox 549 4680 778 4747; x_wconf 89' lang='lat' dir='ltr'>translationes</span> <span class='ocrx_word' id='word_1_319' title='bbox 801 4688 946 4766; x_wconf 90' lang='lat' dir='ltr'>usurpat.</span> <span class='ocrx_word' id='word_1_320' title='bbox 985 4679 1146 4757; x_wconf 79' lang='lat' dir='ltr'>Quantum</span> <span class='ocrx_word' id='word_1_321' title='bbox 1170 4682 1204 4747; x_wconf 92' lang='lat' dir='ltr'>id</span> <span class='ocrx_word' id='word_1_322' title='bbox 1228 4682 1357 4748; x_wconf 88' lang='lat' dir='ltr'>dicendi</span> <span class='ocrx_word' id='word_1_323' title='bbox 1380 4703 1492 4769; x_wconf 88' lang='lat' dir='ltr'>genus,</span> <span class='ocrx_word' id='word_1_324' title='bbox 1516 4684 1608 4770; x_wconf 81' lang='lat' dir='ltr'>quod</span> 
     </span>
    </p>
   </div>
   <div class='ocr_carea' id='block_1_6' title="bbox 0 0 1734 5200">
    <p class='ocr_par' dir='ltr' id='par_1_8' title="bbox 0 0 1734 5200">
     <span class='ocr_line' id='line_1_42' title="bbox 0 0 1734 5200; baseline 0 0"><span class='ocrx_word' id='word_1_325' title='bbox 0 0 1734 5200; x_wconf 95' lang='lat' dir='ltr'> </span> 
     </span>
    </p>
   </div>
  </div>
 </body>
</html>
