3459 5200
962 401 986 464 4

367 592 526 674 effectum,
550 611 590 659 eo
613 592 803 676 diligentins
830 592 953 658 lumina
979 592 1102 676 ingenii
1131 591 1301 657 Annami
1331 592 1536 675 eonquberet
1562 601 1596 657 et

365 700 456 766 libris
494 700 563 766 suis
600 699 758 766 insereret
788 699 952 765 historicis
992 698 1168 765 secundum
1203 696 1396 774 Quintiliani
1428 699 1467 775 (l.
1495 698 1534 764 Ο.
1562 700 1594 764 Χ

370 811 398 874 l.
426 809 502 888 131)
525 813 749 891 praeceptum:
775 805 899 882 „multa
920 806 1005 872 enim
1027 805 1198 890 probanda
1220 805 1254 870 in
1276 825 1317 870 eo
1341 805 1422 870 {scil
1445 806 1594 890 Seneca),

365 913 467 978 multa
490 913 589 978 etiam
612 911 805 976 admiranda
827 920 916 996 sunt,
946 912 1069 995 eligere
1091 911 1188 977 medo
1211 932 1311 978 curae
1337 913 1395 989 sit,
1423 912 1512 995 quod
1534 915 1594 979 nti·

365 1039 441 1085 nam
455 1019 527 1106 ipsc
543 1019 690 1086 fecisset:
715 1018 817 1101 digna
830 1020 916 1084 enim
933 1018 996 1083 fuit
1014 1019 1073 1083 ills
1085 1027 1213 1097 natura,
1231 1039 1318 1101 quae
1330 1019 1466 1085 meliora
1479 1009 1593 1086 vellet:

365 1125 453 1210 quod
476 1125 587 1204 voluit,
612 1124 750 1190 effecit“

455 1230 614 1310 Quantum
646 1231 755 1298 laudis
782 1233 917 1297 Tacitus
949 1233 1097 1298 tribuerit
1130 1233 1286 1308 Senecae.
1319 1241 1475 1316 quantum
1496 1233 1593 1299 virtu·

365 1349 416 1408 tos
439 1341 509 1406 eius
536 1341 669 1405 miratus
702 1340 757 1424 sit,
790 1361 831 1406 ex
857 1340 1040 1406 Annalibus
1062 1340 1170 1405 Taciti
1197 1339 1287 1406 baud
1314 1339 1450 1407 difficile
1473 1349 1526 1408 est
1547 1342 1593 1405 in·

365 1448 506 1514 tellecta.
561 1448 644 1514 Nam
681 1447 850 1512 verborum
882 1447 967 1512 alias
999 1447 1211 1531 parcissimus
1238 1447 1273 1511 iu
1307 1455 1411 1514 morte
1449 1447 1593 1513 Senecae

365 1554 549 1622 enarranda
585 1554 641 1619 diu
675 1561 826 1621 versatur
862 1562 896 1620 et
928 1554 1173 1620 accuratissime
1204 1554 1400 1620 novissimos
1427 1575 1593 1621 sermones

266 1694 269 1698 ·
364 1671 463 1746 atque
486 1667 631 1727 extrema
662 1659 844 1727 deficientis
875 1669 1040 1726 momenta
1069 1660 1224 1726 describit
1255 1659 1445 1744 affingitque
1476 1662 1594 1728 animis

366 1769 541 1853 legentium
572 1768 746 1851 imaginem
778 1767 938 1852 sapientis
969 1768 1044 1850 viri,
1077 1769 1132 1850 qui
1166 1767 1363 1852 sapientiam
1393 1788 1456 1833 non
1489 1768 1594 1834 solnm

365 1875 582 1962 praeceperit,
615 1875 675 1941 sed
706 1873 874 1940 moriendo
907 1875 1008 1940 etiam
1039 1874 1286 1939 confirmaverit
1344 1875 1481 1942 Duobus
1513 1876 1594 1942 locis

365 1984 471 2068 ipsum
494 1981 654 2048 dicentem
677 1981 771 2060 facit,
801 1987 834 2047 et
862 1983 1008 2047 oratione
1036 1980 1162 2047 directa
1192 1985 1289 2062 (Anu
1312 1981 1389 2046 XIV
1412 1985 1457 2049 53
1480 1990 1515 2048 et
1536 1987 1594 2066 54)

366 2098 399 2156 ct
421 2090 567 2156 oratione
591 2088 750 2154 indIrccta
774 2087 871 2174 (Anu.
895 2089 955 2152 XV
975 2093 1029 2166 6⁶2,
1043 2090 1098 2166 63,
1113 2091 1188 2170 64);
1212 2088 1351 2170 singulis
1374 2086 1493 2154 deinde
1513 2089 1596 2156 locis

366 2216 521 2263 summam
544 2195 605 2260 viri
628 2194 877 2261 admirationem
895 2195 1072 2280 profitetur,
1094 2196 1245 2278 equibus
1265 2196 1433 2281 praecipui
1452 2205 1527 2262 sunt
1545 2197 1593 2261 bi:

455 2323 536 2387 Anu.
560 2320 642 2386 XIII
656 2323 686 2386 3.
701 2322 771 2402 6¹):
796 2339 992 2403 quamquam
1015 2320 1120 2385 oratio
1137 2339 1159 2383 a
1178 2319 1306 2386 Seneca
1319 2320 1501 2405 composita
1514 2321 1594 2386 mul-

365 2438 432 2494 tum
456 2428 561 2494 cultus
585 2427 772 2512 praeferret,
795 2435 831 2492 ut
854 2427 916 2492 fuit
938 2426 986 2491 illi
1009 2427 1078 2491 viro
1096 2427 1261 2510 ingenium
1280 2447 1450 2493 amoenum
1469 2435 1502 2492 et
1516 2435 1595 2494 tem·

364 2536 454 2622 poris
477 2535 548 2602 eius
572 2535 704 2601 auribus
727 2534 1020 2602 adcommodatum.

453 2660 535 2725 Anu.
560 2659 624 2725 XII
648 2663 676 2725 8.
701 2664 735 2725 l:
762 2667 796 2723 at
819 2658 1014 2744 Agrippina,
1042 2679 1083 2724 ne
1115 2660 1212 2725 malls
1243 2666 1367 2725 tantum
1395 2659 1594 2727 facinoribus

366 2775 557 2847 notesceret,
581 2767 708 2831 veniam
737 2766 828 2832 exilii
860 2786 918 2851 pro
946 2766 1081 2833 Annaeo
1109 2767 1248 2849 Seneca,
1281 2766 1375 2833 simul
1406 2774 1594 2852 praeturam

366 2876 530 2961 impetrat,
562 2874 683 2939 laetum
714 2873 747 2937 in
781 2872 943 2958 publicum
976 2882 1049 2938 rata
1080 2875 1121 2938 ob
1155 2872 1383 2939 claritudinem
1414 2873 1594 2941 studiorum

366 2984 446 3067 eius,
469 2989 568 3065 utque
592 2980 726 3046 Domitii
749 2981 889 3065 pucritia
912 2981 971 3045 tali
994 2982 1151 3064 magistro
1175 2980 1379 3048 adolesceret
1397 2990 1430 3047 et
1448 2982 1594 3049 consiliis

366 3089 511 3155 eiusdem
534 3088 578 3153 ad
601 3108 692 3172 spem
715 3087 946 3154 dominationis
969 3095 1142 3171 uterentur,
1157 3141 1164 3156 .
1182 3140 1214 3155 ..

453 3216 535 3280 Anu.
560 3212 639 3277 XIII
663 3214 691 3278 2.
720 3218 752 3279 l:
784 3214 957 3295 Ibaturque
984 3214 1018 3277 in
1046 3212 1179 3292 caedes,
1209 3213 1273 3279 nisi
1295 3212 1449 3280 Afranius
1472 3213 1594 3278 Burrus

366 3328 398 3387 et
412 3322 564 3387 Annaeus
580 3322 703 3385 Seneca
719 3318 847 3383 obviam
863 3319 973 3385 issent.
993 3318 1027 3383 hi
1040 3327 1183 3385 rectores
1197 3320 1425 3406 imperatoriae
1441 3321 1594 3386 iuventae

367 3436 407 3513 et,
430 3446 537 3493 rarum
560 3426 592 3491 in
617 3426 774 3491 socletatc
793 3426 968 3510 potentiae,
993 3426 1179 3510 concordes,
1202 3425 1332 3493 diversa
1347 3434 1417 3493 arte
1431 3448 1472 3493 ex
1487 3446 1594 3512 aequo

364 3535 541 3621 pollebant,
563 3534 684 3599 Burrus
708 3532 902 3599 militaribus
926 3533 1012 3599 euris
1036 3541 1069 3599 et
1098 3534 1271 3600 severitate
1297 3555 1435 3620 morum,
1468 3534 1595 3601 Seneca

365 3642 549 3728 praeceptis
574 3640 779 3724 eloquentiae
808 3648 840 3706 et
874 3640 1028 3706 comitate
1061 3640 1211 3725 honesta,
1242 3641 1392 3707 iuvantes
1420 3642 1452 3706 in
1479 3641 1595 3727 vicem,

365 3770 428 3835 quo
451 3747 580 3815 facilius
603 3748 759 3813 lubricam
782 3748 938 3832 principis
962 3754 1111 3833 aetatem,
1136 3748 1164 3813 si
1182 3748 1333 3814 vinalem
1354 3758 1593 3836 aspernaretur,

364 3856 585 3942 voluptatibus
610 3856 773 3921 concessis
796 3856 980 3923 retinerent.

453 3982 745 4051 Ann.x1116.11:
773 3982 906 4047 Burrum
930 3990 1038 4046 tamen
1062 3987 1094 4046 et
1118 3980 1277 4046 Senecam
1296 3982 1468 4048 multarum
1486 4004 1594 4049 rerum

366 4088 566 4176 experientia
599 4088 761 4172 cognitum
796 4095 829 4154 et
860 4088 1047 4173 imperatori
1080 4096 1234 4172 quantum
1267 4090 1311 4153 ad
1340 4090 1436 4155 robur
1465 4090 1592 4167 deesse,

365 4219 437 4263 cum
465 4204 578 4264 octavo
612 4195 746 4262 decumo
775 4196 894 4261 aetatis
927 4215 1011 4260 anno
1039 4194 1095 4263 Cn.
1124 4195 1310 4281 Pompeius,
1342 4217 1426 4262 nono
1455 4196 1593 4262 decumo

366 4304 487 4370 Caesar
511 4303 710 4370 Octavianus
735 4302 844 4369 civilia
866 4302 955 4368 bella
979 4302 1209 4369 sustinuerint?

455 4415 535 4477 Ann.
559 4410 640 4475 XIII
667 4414 715 4477 11.
739 4412 774 4476 6:
805 4410 1011 4477 clementiam
1034 4430 1126 4477 suam
1150 4410 1353 4495 obstringens
1377 4411 1499 4477 crebris
1523 4432 1594 4478 ora-

458 4588 478 4659 ¹)
497 4590 643 4645 Extremus
661 4606 790 4643 uumems
809 4589 929 4644 locorum
948 4588 1139 4643 Tacitinorum
1157 4587 1297 4658 significat
1313 4606 1424 4644 uersum
1442 4590 1544 4659 capItis
1562 4590 1595 4644 in

365 4680 485 4735 adltione
504 4680 654 4735 Halmiana
672 4682 780 4748 quarta,
