3459 5200
919 551 1024 646 „⁷0
1070 639 1087 644 .-

420 761 555 844 scripsit
588 757 648 823 οὐκ
683 731 844 842 indigeam
877 755 983 841 στίχον
1013 750 1458 840 <τριοικοιι>τρισκοντοὶσημον
1497 753 1590 834 etseq

420 866 460 929 cl.
486 865 610 930 Caesar
633 883 696 926 em.
719 862 826 944 Heph.
849 862 862 924 Ι
885 881 917 942 p.
939 860 1022 925 XVI.

503 967 654 1034 Alteram
678 965 908 1056 definitionem
932 982 1008 1028 esse
1025 961 1264 1027 Heliodoream
1286 966 1378 1026 recte
1399 961 1483 1026 mihi
1500 961 1592 1026 vide·

421 1077 472 1137 tur
508 1069 693 1138 coniecisse
721 1068 868 1132 Hensius
896 1067 969 1131 Hel.
997 1067 1074 1130 Unt.
1096 1086 1129 1148 p.
1155 1066 1225 1130 117.
1271 1064 1428 1132 Ceterum
1450 1066 1493 1131 de
1516 1065 1592 1142 coli,

418 1175 565 1258 periodi,
600 1172 778 1255 pericopae
811 1170 845 1234 in
876 1169 1073 1234 colometria
1102 1169 1298 1234 notionibus
1327 1189 1413 1252 quae
1441 1169 1593 1252 disputa·

419 1283 539 1344 verunt
562 1277 794 1342 Thiemannus
818 1278 850 1339 et
873 1272 1019 1338 Hensius
1042 1274 1076 1336 ll.
1100 1292 1147 1336 cc.
1170 1291 1289 1355 pamm
1313 1272 1481 1339 subtiliter
1502 1273 1593 1338 dicta

422 1388 509 1447 sunt.
555 1377 673 1465 Κόμμα
696 1380 731 1444 in
759 1377 957 1442 colometria
985 1375 1125 1440 omnino
1155 1377 1265 1456 deest,
1299 1382 1419 1442 contra
1450 1376 1593 1461 xuldpm

420 1489 583 1549 vocantur
606 1484 641 1547 in
665 1482 770 1547 schol.
793 1483 871 1546 Pac.
897 1481 957 1545 173
979 1500 1098 1545 versus
1126 1478 1155 1544 τί
1183 1500 1274 1564 qnam
1303 1485 1337 1545 et
1358 1479 1390 1563 ἰὴ
1414 1476 1456 1565 ἰή.
1501 1480 1592 1547 ldem

419 1588 618 1653 vocabulum
652 1587 687 1652 in
718 1585 823 1650 schol.
851 1583 935 1649 Ach.
961 1585 976 1646 1
1006 1603 1069 1666 pro
1097 1578 1270 1669 κομμάτιον
1294 1584 1468 1650 substituit
1489 1585 1593 1650 Thie·

420 1710 574 1772 mannus.
619 1691 736 1771 Agitur
758 1688 826 1752 illie
849 1687 891 1750 de
914 1707 1013 1751 versu
1035 1686 1119 1750 Aeli.
1141 1687 1183 1750 43
1206 1678 1305 1771 πάριτ’
1331 1687 1418 1764 ege
1442 1685 1592 1772 πρόσθεν.

421 1794 589 1860 Vocabulo
623 1791 726 1858 κῶλον
757 1792 879 1874 duplex
906 1791 1001 1855 notio
1032 1789 1182 1855 subiecta
1210 1795 1272 1856 est.
1315 1788 1466 1857 Primum
1489 1792 1593 1874 signi·

420 1901 505 1976 licat,
530 1898 561 1962 id
586 1897 675 1980 quod
699 1896 734 1960 in
756 1892 953 1980 κωλομετρίᾳ
976 1899 1241 1958 consentaneum
1258 1899 1319 1970 est,
1339 1915 1459 1960 omnes
1475 1915 1593 1960 versus

422 2004 588 2084 scriptura
605 2019 795 2082 expressos,
820 2017 894 2062 curn
918 1997 1012 2062 cuius
1032 1997 1100 2062 sint
1122 1998 1364 2079 magnitudinis
1387 1998 1473 2063 nihil
1490 2000 1594 2064 inter·

422 2107 474 2172 sit.
512 2107 597 2170 Tum
622 2105 696 2168 cola
719 2099 877 2167 dicuntur
897 2121 1017 2166 omnes
1040 2101 1195 2165 versiculi
1220 2101 1339 2166 stichis
1355 2102 1506 2167 minores
1523 2103 1593 2166 sive

423 2210 543 2290 integri
578 2211 656 2273 sunt
691 2207 759 2272 sive
794 2205 988 2270 catalectici.
1039 2205 1186 2269 Abusive
1214 2206 1302 2270 enim
1331 2205 1433 2271 etiam
1462 2225 1596 2271 comma

423 2313 545 2378 dicitur
568 2312 666 2376 colon
690 2310 826 2390 (Victor.
849 2329 882 2391 p.
905 2309 957 2387 54,
972 2309 1016 2391 5).
1060 2306 1211 2392 Περίοδος
1232 2309 1427 2374 nominatur
1448 2309 1595 2392 primum

423 2437 462 2481 ea
485 2416 608 2498 pedum
632 2413 835 2491 coniunctio,
859 2432 959 2494 quam
983 2411 1102 2476 eodem
1125 2412 1288 2476 vocabulo
1312 2413 1511 2494 significavit
1528 2413 1596 2479 He-

420 2519 576 2604 phaestio
610 2539 642 2601 p.
666 2517 705 2581 lV
731 2517 779 2580 la.
813 2516 884 2580 Xlll
908 2516 937 2579 c.
970 2515 1073 2579 XXlV
1094 2516 1124 2592 4,
1156 2516 1197 2580 de
1227 2535 1293 2599 qua
1321 2516 1390 2581 dixi
1411 2537 1443 2600 p.
1468 2518 1510 2581 35
1535 2538 1596 2601 sq„

424 2630 494 2690 tum
509 2641 728 2704 unaquaeque
744 2618 863 2705 μέτρων
878 2619 1045 2704 συναγωγή
1061 2618 1130 2703 ἤτοι
1146 2615 1202 2683 δύο
1221 2618 1244 2703 ἢ
1265 2616 1414 2686 πλειόνων
1435 2620 1458 2705 ἦ
1480 2618 1596 2707 ὁμοίων

423 2726 445 2810 ἥ
474 2718 626 2809 ἀνομοίων
659 2732 703 2805 lp.
727 2723 798 2787 Vlll
822 2724 835 2787 1
863 2722 943 2805 sq),
978 2722 1024 2787 ita
1052 2727 1088 2786 ut
1114 2724 1214 2805 plane
1242 2724 1435 2789 consentiat
1456 2744 1535 2790 cum
1557 2746 1597 2790 ea

425 2830 563 2893 notione
587 2846 685 2909 quam
708 2825 873 2891 vocabulo
896 2823 1040 2911 σύστημα
1069 2825 1186 2891 tribuit
1214 2826 1430 2909 Hephaestio.
1481 2828 1597 2911 ltaque

425 2932 574 3013 singulos
598 2931 691 2995 locos
724 2949 921 2994 enumerare
949 2929 1164 3011 supersedeo.
1213 2930 1338 2995 Iniuria
1367 2930 1467 3013 igitur
1493 2932 1597 2997 Tbie·

425 3053 569 3100 mannus
597 3054 629 3116 p.
654 3036 715 3098 109
744 3034 921 3115 periodum
953 3033 1127 3097 metricam
1155 3033 1256 3099 variis
1285 3039 1500 3100 constantem
1521 3057 1596 3101 ver-

426 3140 519 3205 sibus
541 3136 714 3222 περικοπήν
737 3138 802 3201 dici
825 3138 1012 3201 affirmavit.
1050 3138 1154 3202 lmmo
1178 3137 1280 3202 etiam
1304 3139 1337 3202 in
1355 3138 1507 3221 periodis
1523 3160 1597 3205 sae·

425 3243 565 3326 pissime
587 3242 669 3307 varii
694 3260 811 3321 versus
835 3242 1035 3317 miscentur3
1059 3246 1178 3306 contra
1199 3241 1356 3326 περικοπή
1377 3243 1468 3325 apud
1483 3244 1597 3308 Helio·

427 3348 545 3412 dorum
562 3347 713 3411 nondum
725 3365 865 3428 prorsus
883 3346 918 3411 in
932 3346 1129 3411 sollemnem
1143 3366 1241 3412 usum
1254 3346 1380 3411 abiisse
1391 3347 1533 3411 videtur.
1561 3348 1597 3411 ln

427 3451 532 3515 schol.
549 3449 628 3515 Aeb.
642 3451 700 3515 071
720 3449 862 3534 (συζυγία
880 3447 963 3513 κατὰ
978 3447 1152 3533 περικοπὴν
1166 3446 1403 3535 ἀνομοιομερής)
1418 3451 1598 3533 pericopae

426 3554 493 3617 vim
516 3554 616 3634 plane
641 3553 819 3617 concinere
843 3573 918 3618 cum
942 3573 991 3630 ca,
1015 3572 1115 3635 quarn
1137 3553 1345 3635 Hephaestio
1367 3574 1398 3636 p.
1422 3555 1502 3618 Vl8
1525 3576 1597 3637 sqq.

428 3661 460 3720 el
475 3656 549 3720 XIX
564 3658 583 3717 ι’)
601 3677 672 3739 sqq.
697 3656 885 3738 descripsit,
909 3656 1018 3738 quivis
1034 3655 1132 3719 facile
1147 3656 1317 3738 perspicit.
1352 3656 1442 3721 ldem
1459 3656 1549 3722 cadit
1564 3657 1598 3721 in

429 3760 533 3825 schol.
549 3760 625 3825 Pac.
644 3761 724 3825 1177
749 3760 781 3823 ἐν
803 3760 858 3845 μὲν
881 3764 920 3844 τῇ
944 3754 972 3844 β’
993 3764 1149 3844 περικοπῇ
1169 3758 1233 3823 ἐστι
1249 3757 1316 3823 κτλ.
1337 3760 1372 3824 in
1390 3760 1486 3826 cuius
1502 3760 1599 3826 initio

430 3864 495 3929 iam
517 3864 661 3929 Hensius
683 3884 713 3947 p.
735 3866 788 3929 141
817 3864 952 3947 scripsit
972 3861 1200 3947 διαπεραίνεται
1222 3860 1368 3947 συζυγίαν
1389 3864 1494 3947 <nard
1516 3886 1600 3949 περ.-

428 3966 531 4052 κοπήν
547 3966 792 4053 ἀν>ομοιομερῆ.
828 3968 896 4033 Sed
912 3967 946 4032 in
964 3967 1068 4032 schol.
1084 3966 1161 4031 Pac.
1177 3967 1240 4030 485
1256 3970 1290 4031 et
1305 3966 1387 4031 Aah.
1403 3968 1466 4031 263
1481 3988 1548 4050 qua
1564 3989 1599 4033 re

429 4071 587 4155 pericopa
610 4092 629 4136 a
651 4072 791 4154 periodo
819 4071 954 4135 differat
982 4090 1050 4134 non
1080 4070 1188 4149 video,
1223 4069 1383 4151 quoniam
1410 4074 1443 4135 et
1469 4072 1598 4153 periodi

430 4172 591 4260 ἀμοιβοῖαι
619 4176 785 4255 dicuntur,
819 4176 909 4239 velut
942 4175 977 4238 in
1007 4174 1112 4239 schol.
1142 4174 1224 4239 Ach.
1250 4175 1342 4253 1008,
1371 4180 1404 4239 et
1431 4176 1600 4240 interdum

430 4278 654 4359 responsione
677 4282 790 4342 carent
816 4278 871 4358 (cl.
895 4277 1001 4343 schol.
1025 4278 1108 4343 Nub.
1132 4278 1204 4341 457.
1228 4276 1301 4342 467.
1317 4262 1406 4342 doh.
1433 4279 1539 4361 1143),
1568 4282 1598 4343 et

431 4381 572 4446 diversis
596 4380 764 4459 εἰσθὲσεως
786 4382 837 4447 vel
862 4380 1022 4458 ἐκθέσεως
1045 4381 1155 4447 modis
1179 4384 1335 4447 exaratae
1352 4386 1431 4446 sunt
1453 4382 1509 4463 (ci.
1525 4402 1554 4447 e.
1571 4404 1599 4464 g.

431 4486 536 4549 schol.
561 4486 620 4568 Eq.
643 4484 729 4567 616).
777 4487 885 4550 Unum
908 4489 1020 4551 tamen
1044 4485 1218 4550 Heliodori
1247 4484 1469 4567 fragmentum
1491 4486 1599 4551 adhuc

430 4588 521 4652 viros
546 4589 667 4653 doctos
692 4588 783 4671 fugit.
829 4589 911 4654 Nam
936 4588 1010 4653 sine
1033 4589 1135 4653 dubio
1158 4588 1247 4671 apud
1268 4590 1387 4655 Joann.
1406 4588 1600 4655 Siceliotam
