3459 5200
688 429 901 527 ,21-

179 645 252 708 vox,
287 643 371 708 quae
399 644 420 690 a
448 623 587 708 simplici
616 643 759 690 consona
791 623 918 689 initium
951 623 1048 708 capit,
1081 621 1240 707 producta
1267 643 1332 691 non
1360 632 1410 692 est

180 731 305 814 (of.[11]
329 729 476 797 ἐπαινοῦσι
496 737 555 806 τόν,
579 729 633 814 [ll]
656 734 829 816 προσθέντα
847 743 898 815 τῷ,
923 725 993 817 [111]
1008 728 1057 794 ἐπὶ
1069 741 1143 804 τοῖς,
1167 729 1234 814 [vl]
1248 743 1320 798 πᾶσι
1333 732 1409 812 καί).

269 836 336 903 Sed
370 837 527 923 syllaba
559 835 696 904 finalis
728 835 873 922 brevis,
906 855 1004 921 quae
1038 834 1190 920 liquida
1222 842 1247 896 N
1276 839 1410 906 clausa

181 953 252 1028 est,
289 943 455 1029 produci
488 950 635 1030 potest,
673 944 789 1009 etiam
821 943 853 1009 si
885 942 1096 1027 proximum
1127 943 1356 1009 vocabulum
1388 967 1410 1012 a

179 1051 308 1117 vocali
340 1049 490 1115 initium
523 1050 639 1134 capit
695 1048 733 1114 Iu
769 1047 973 1115 admittenda
1009 1048 1071 1115 hae
1102 1049 1313 1134 productione
1346 1072 1410 1117 non

180 1157 350 1242 quaesivit¹
383 1163 488 1222 utrum
518 1155 626 1222 finalis
660 1154 789 1240 syllaba
820 1156 940 1241 brevis,
975 1175 1059 1239 quae
1090 1155 1302 1241 producenda
1330 1167 1409 1239 erat,

181 1266 358 1332 contineret
385 1270 567 1350 correptam
593 1262 740 1329 vocalem
770 1268 853 1322 All
884 1262 936 1342 (cf.
962 1263 1029 1347 [IV]
1058 1268 1154 1350 σφίσιν
1184 1261 1297 1343 αὐτοῖς,
1327 1265 1411 1350 [Vll]

180 1385 268 1438 πᾶσιν
276 1372 298 1449 ¹)
322 1367 398 1459 ὑμῖν,
423 1370 505 1454 [Vll]
530 1367 647 1437 εὔνοιαν
670 1371 762 1457 ἔχων)
785 1389 829 1434 an
852 1368 1000 1435 vocalem
1022 1376 1139 1436 natura
1155 1370 1285 1436 brevem
1308 1377 1330 1430 0
1353 1372 1408 1454 (ci.

182 1477 399 1563 [Π1]ιισλὸν’)
422 1476 480 1554 ἐτι,
505 1477 602 1561 [VlIl]
625 1481 677 1542 τὸν
701 1475 825 1558 ἀγῶνα).
872 1475 997 1541 Finalis
1021 1476 1151 1561 syllaba
1171 1480 1220 1535 EN
1240 1477 1274 1540 in
1298 1479 1346 1544 eis
1369 1477 1411 1545 de

181 1699 243 1780 μέν,
268 1712 366 1775 quem
379 1689 557 1776 producere
572 1689 755 1774 supersedit
778 1689 833 1772 (ci.
849 1690 916 1773 [IV]
940 1689 1016 1774 ἔργῳ
1031 1696 1084 1776 μὲν
1098 1688 1178 1778 ημῖν,
1202 1691 1269 1776 [Vl]
1290 1701 1412 1777 πρῶτον

181 1806 243 1887 μέν,
267 1797 320 1880 ὦ);
349 1796 408 1863 sed
432 1796 564 1862 dubium
587 1803 651 1880 est,
677 1801 780 1861 utrum
804 1796 998 1881 particulam
1022 1803 1075 1884 μέν
1097 1797 1277 1882 produeore
1300 1818 1409 1884 snper-

181 1905 311 1989 sederit,
335 1903 422 1988 quod
444 1905 562 1970 vocula
584 1903 642 1969 illa
664 1902 786 1970 nullam
808 1904 874 1968 vim
898 1904 1073 1969 oratoriam
1096 1904 1240 1990 haberet,
1264 1926 1308 1971 an
1322 1906 1408 1990 qnod

182 2013 310 2098 syllaba
332 2011 440 2078 finalis
465 2015 512 2070 EN
537 2031 653 2096 parum
676 2009 819 2095 graviter
836 2030 953 2076 sonare
971 2009 1145 2096 videretur,
1170 2032 1244 2076 uam
1264 2013 1410 2080 vocalem

183 2133 204 2186 Ε
232 2119 331 2184 multo
363 2117 469 2202 magis
497 2117 657 2185 absonam
686 2137 759 2184 esse
792 2137 888 2201 quam
917 2115 1062 2184 vocalem
1092 2133 1113 2186 0
1148 2118 1269 2186 diserte
1301 2119 1411 2186 docuit

181 2247 211 2311 p.
239 2228 311 2304 166,
336 2227 356 2292 3
381 2223 445 2312 (ed.
471 2222 616 2311 school.)
638 2233 697 2290 τῶν
721 2225 752 2289 δὲ
775 2226 911 2312 βραχέων
936 2224 970 2306 (ἰ.
995 2243 1023 2290 o.
1048 2229 1235 2313 φωνηέντων)
1259 2223 1410 2313 οὐδέτερον

181 2338 233 2421 μὲν
254 2330 376 2420 εὔηχον,
405 2331 492 2420 ἧττον
520 2333 552 2396 δὲ
578 2331 710 2418 δυσηχὲς
736 2335 769 2395 τὸ
792 2336 829 2389 0·
869 2331 994 2418 διίστησι
1017 2335 1074 2417 γὰρ
1097 2335 1133 2398 τὸ
1156 2339 1256 2421 στόμα
1277 2346 1411 2419 κρεῖττον

182 2444 310 2524 θατέρου
342 2439 376 2520 (ἰ.
401 2459 428 2505 e.
454 2447 507 2504 τοῦ
532 2442 576 2516 E),
609 2442 662 2525 rip
694 2439 726 2502 δὲ
752 2439 870 2526 πληγὴν
902 2441 1049 2525 λαμβάνει
1080 2444 1147 2524 coepi
1178 2444 1235 2527 τὴν
1267 2439 1411 2527 ἀρτηρίαν

182 2543 341 2634 ρᾶλλον.’)

270 2653 384 2719 Brevis
407 2652 538 2738 syllaba
560 2650 678 2731 finalis,
703 2671 787 2735 quae
811 2653 879 2717 exit
897 2652 931 2718 in
955 2656 986 2731 P,
1011 2651 1111 2718 semel
1126 2652 1159 2717 in
1174 2653 1223 2720 eis
1237 2653 1410 2738 dequibus

182 2760 291 2843 egitur
314 2759 394 2825 colis
418 2765 540 2824 exstat:
569 2758 668 2842 [VIII]
697 2755 768 2844 παρ’
792 2755 886 2845 ὑμῶν,
916 2778 1012 2842 quam
1041 2758 1203 2843 syllabam
1232 2761 1410 2846 producere

182 2864 373 2951 supersedit,
406 2863 492 2930 haud
524 2864 593 2931 scio
627 2884 670 2929 an
702 2863 788 2950 quod
822 2864 904 2930 baec
938 2864 1067 2949 syllaba
1099 2864 1235 2932 elisione
1264 2867 1411 2934 admissa

180 2971 289 3038 finalis
313 2980 371 3038 est

270 3077 360 3144 Idem
387 3077 549 3162 syllabam
582 3078 720 3155 brevem,
754 3097 838 3161 quae
871 3078 938 3143 exit
969 3077 1001 3142 in
1030 3083 1059 3163 Σ,
1087 3077 1267 3164 producere
1299 3100 1409 3165 super·

183 3185 308 3251 sedisse
331 3184 473 3267 videtum
497 3184 537 3251 cf.
563 3183 629 3268 [VI]
652 3184 759 3270 ἄνδρες
781 3180 956 3271 Ἀθηναῖοι.

272 3294 482 3380 Correptae
505 3292 664 3360 vocales
684 3297 775 3377 All,
798 3313 894 3376 quas
913 3293 1115 3360 continent
1129 3292 1280 3359 mediae
1298 3313 1411 3359 voea-

182 3400 353 3466 bulorum
377 3400 571 3485 syllabae,
596 3406 709 3466 contra
728 3399 925 3467 cotidianum
942 3399 1098 3483 loquendi
1115 3419 1209 3465 usum
1229 3399 1273 3464 ad
1291 3420 1411 3484 augen-

182 3506 259 3573 dam
290 3507 459 3573 verborum
491 3512 656 3595 σεμνότητα
691 3506 724 3571 in
757 3505 806 3573 eis
839 3527 921 3590 quos
959 3507 1058 3571 citavi
1090 3506 1171 3572 locis
1204 3526 1225 3570 a
1253 3507 1412 3592 Dionysio

182 3613 361 3699 productae
384 3634 448 3679 non
473 3622 555 3680 sunt.
605 3613 668 3681 Sed
693 3614 793 3681 semel
815 3613 969 3700 produxit
991 3612 1174 3700 particulae
1193 3612 1254 3698 ἄρα
1271 3614 1411 3700 priorem

276 3808 295 3873 ¹)
319 3808 446 3863 Fmalem
468 3809 545 3863 vocis
569 3814 643 3859 πᾶσιν
666 3808 804 3878 syllabam
829 3810 860 3864 ob
879 3816 1028 3879 aquosam
1045 3812 1200 3877 aspiratum
1218 3810 1333 3863 vocalem
1351 3826 1413 3877 pro·

182 3899 296 3954 ductam
316 3914 373 3952 esse
392 3897 462 3953 falso
480 3897 632 3953 arbitratus
652 3901 694 3953 est
717 3898 868 3967 Uptonius;
892 3914 958 3951 nam
981 3897 1106 3966 reliquae
1130 3897 1248 3962 vocales,
1272 3915 1343 3965 qnae
1366 3916 1413 3953 eas

183 4004 252 4056 ques
267 3986 415 4057 Dionysius
433 3986 562 4056 produxit
576 3987 672 4041 finales
685 3987 807 4055 syllabas
826 3990 989 4055 sequuntur,
1008 3986 1108 4056 spiritu
1128 3986 1185 4040 leni
1203 3990 1319 4041 notatae
1337 3991 1410 4042 sunt

275 4072 295 4140 ²)
315 4072 393 4125 salio
412 4072 438 4145 η’
457 4071 495 4125 ἐπὶ
513 4092 659 4145 perperam
673 4074 791 4130 coniecit
805 4074 943 4145 Uptonius
962 4078 991 4129 et
1004 4075 1115 4144 scripsit
1128 4075 1238 4130 Goeller
1250 4075 1281 4128 in
1293 4075 1414 4131 editione

183 4164 346 4235 Dionysiani
365 4164 430 4218 libri
448 4163 481 4218 de
500 4180 586 4233 comp.
605 4164 679 4219 verb.
698 4164 780 4219 ienae
799 4180 823 4218 a.
844 4164 915 4219 1815
933 4164 1040 4218 emissa.

270 4252 292 4321 ’ρ
316 4254 503 4323 Hermogenes
530 4253 589 4323 ipse
614 4270 723 4321 quoqne
750 4253 875 4308 vocalem
899 4252 922 4307 0
946 4253 982 4307 ad
1004 4252 1176 4308 efficiendum
1200 4249 1341 4322 σεμνότητα
1363 4252 1413 4307 ad·

182 4344 295 4399 modum
314 4342 442 4397 idoneam
461 4358 519 4397 esse
538 4340 664 4411 putavit;
688 4341 782 4396 docuit
805 4342 880 4396 enim
902 4341 1066 4410 primarium
1085 4341 1176 4397 locum
1193 4344 1288 4395 tenere
1306 4342 1414 4396 vocales

183 4432 208 4483 A
229 4436 258 4488 st
277 4428 298 4482 Ω
318 4435 347 4487 et
365 4432 401 4485 ab
420 4430 459 4487 eis
477 4430 602 4500 proxime
620 4431 714 4485 abesse
732 4429 854 4485 vocalem
870 4430 906 4495 03
926 4430 960 4484 oi.
978 4430 1033 4500 aspi
1051 4426 1124 4481 ileos
1143 4430 1192 4483 lib.
1208 4430 1221 4483 1
1240 4430 1295 4484 cd
1314 4430 1413 4497 (Wala,

183 4522 264 4576 Rhst.
284 4522 379 4577 Graec·
399 4520 440 4573 III
458 4536 485 4588 p.
504 4519 565 4583 225,
584 4520 612 4584 3)
635 4515 779 4586 δεύτεροι
801 4515 826 4569 di
850 4517 1002 4589 σεμνότητος
1025 4516 1103 4579 bidem
1125 4518 1171 4569 ani
1194 4516 1221 4569 al
1244 4515 1295 4569 διὰ
1316 4523 1369 4568 τοῦ
1392 4516 1414 4568 0

183 4606 342 4679 στοιχείου
369 4610 448 4660 κατὰ
475 4606 573 4678 ρόνοις
596 4604 634 4668 εἷς
661 4626 683 4659 τι
710 4607 806 4677 μακρὸν
832 4603 1026 4677 sacal-ipponensi
1052 4598 1105 4658 οἷον
1130 4604 1252 4679 Ὀρόντης
1274 4606 1328 4658 κτλ.
1352 4607 1413 4663 coll.

183 4698 277 4752 scholl.
297 4698 314 4752 l.
334 4698 352 4751 1.
371 4698 424 4753 vol·
444 4698 484 4751 ΙΙΙ
503 4697 564 4762 544,
586 4697 620 4752 15
629 4715 687 4766 sqq.
712 4696 765 4752 VII
784 4697 844 4761 971,
864 4696 900 4750 22
910 4714 969 4765 sqq.
995 4698 1073 4761 1008,
1092 4698 1197 4765 28sqq.

1216 4803 1254 4857 ,ι
