<?xml version="1.0" encoding="UTF-8"?>
<!DOCTYPE html PUBLIC "-//W3C//DTD XHTML 1.0 Transitional//EN"
    "http://www.w3.org/TR/xhtml1/DTD/xhtml1-transitional.dtd">
<html xmlns="http://www.w3.org/1999/xhtml" xml:lang="en" lang="en">
 <head>
  <title>
</title>
<meta http-equiv="Content-Type" content="text/html;charset=utf-8" />
  <meta name='ocr-system' content='tesseract 3.04.00' />
  <meta name='ocr-capabilities' content='ocr_page ocr_carea ocr_par ocr_line ocrx_word'/>
</head>
<body>
  <div class='ocr_page' id='page_1' title='image "./detacitosenecae00zimmgoog_0750.png"; bbox 0 0 3459 5200; ppageno 0'>
   <div class='ocr_carea' id='block_1_1' title="bbox 194 616 1421 1240">
    <p class='ocr_par' dir='ltr' id='par_1_1' title="bbox 194 616 1421 1240">
     <span class='ocr_line' id='line_1_1' title="bbox 195 616 1421 704; baseline 0 -21"><span class='ocrx_word' id='word_1_1' title='bbox 195 618 308 683; x_wconf 86' lang='lat' dir='ltr'><strong>toml</strong></span> <span class='ocrx_word' id='word_1_2' title='bbox 337 616 498 697; x_wconf 86' lang='lat' dir='ltr'><strong>(Oxoniae</strong></span> <span class='ocrx_word' id='word_1_3' title='bbox 524 620 622 700; x_wconf 87' lang='grc'>1699)</span> <span class='ocrx_word' id='word_1_4' title='bbox 655 640 687 703; x_wconf 90' lang='lat' dir='ltr'><strong>p.</strong></span> <span class='ocrx_word' id='word_1_5' title='bbox 713 621 832 702; x_wconf 79' lang='lat' dir='ltr'><strong>228sq.</strong></span> <span class='ocrx_word' id='word_1_6' title='bbox 861 618 945 686; x_wconf 87' lang='lat' dir='ltr'><strong>baec</strong></span> <span class='ocrx_word' id='word_1_7' title='bbox 970 618 1071 684; x_wconf 89' lang='lat' dir='ltr'><strong>verba</strong></span> <span class='ocrx_word' id='word_1_8' title='bbox 1098 618 1272 703; x_wconf 80' lang='lat' dir='ltr'><strong>Ignatiana</strong></span> <span class='ocrx_word' id='word_1_9' title='bbox 1298 618 1421 704; x_wconf 80' lang='lat' dir='ltr'>publici</span> 
     </span>
     <span class='ocr_line' id='line_1_2' title="bbox 195 724 388 791; baseline 0.01 -4"><span class='ocrx_word' id='word_1_10' title='bbox 195 724 274 791; x_wconf 86' lang='lat' dir='ltr'><strong>iuris</strong></span> <span class='ocrx_word' id='word_1_11' title='bbox 298 724 388 790; x_wconf 83' lang='lat' dir='ltr'><strong>lecit:</strong></span> 
     </span>
     <span class='ocr_line' id='line_1_3' title="bbox 284 828 1420 922; baseline 0.002 -27"><span class='ocrx_word' id='word_1_12' title='bbox 284 830 385 918; x_wconf 77' lang='grc' dir='ltr'>Στίχοι</span> <span class='ocrx_word' id='word_1_13' title='bbox 412 828 560 911; x_wconf 78' lang='grc' dir='ltr'>Ἰηνατίοι)</span> <span class='ocrx_word' id='word_1_14' title='bbox 587 830 638 905; x_wconf 85' lang='grc' dir='ltr'>τὶς</span> <span class='ocrx_word' id='word_1_15' title='bbox 661 828 785 920; x_wconf 87' lang='grc' dir='ltr'>Ἀδοίμ.</span> <span class='ocrx_word' id='word_1_16' title='bbox 833 830 916 917; x_wconf 83' lang='grc' dir='ltr'>Πρός</span> <span class='ocrx_word' id='word_1_17' title='bbox 946 838 996 899; x_wconf 80' lang='grc' dir='ltr'>τόν</span> <span class='ocrx_word' id='word_1_18' title='bbox 1028 833 1114 921; x_wconf 81' lang='grc' dir='ltr'>ρίλον</span> <span class='ocrx_word' id='word_1_19' title='bbox 1147 844 1311 922; x_wconf 79' lang='grc' dir='ltr'>συμφοραῖς</span> <span class='ocrx_word' id='word_1_20' title='bbox 1341 856 1420 918; x_wconf 87' lang='grc' dir='ltr'>περι-</span> 
     </span>
     <span class='ocr_line' id='line_1_4' title="bbox 194 932 1212 1027; baseline 0.006 -26"><span class='ocrx_word' id='word_1_21' title='bbox 194 942 323 1003; x_wconf 81' lang='grc' dir='ltr'>πεσόντα</span> <span class='ocrx_word' id='word_1_22' title='bbox 345 949 467 1003; x_wconf 78' lang='grc' dir='ltr'>ποιεῖται</span> <span class='ocrx_word' id='word_1_23' title='bbox 490 942 523 1003; x_wconf 87' lang='grc' dir='ltr'>τὸ</span> <span class='ocrx_word' id='word_1_24' title='bbox 546 945 699 1027; x_wconf 85' lang='grc' dir='ltr'>πόνημα</span> <span class='ocrx_word' id='word_1_25' title='bbox 1206 932 1212 945; x_wconf 68' lang='grc'><strong><em>’</em></strong></span> 
     </span>
     <span class='ocr_line' id='line_1_5' title="bbox 335 1042 1064 1132; baseline 0.003 -23"><span class='ocrx_word' id='word_1_26' title='bbox 335 1048 350 1109; x_wconf 97' lang='grc'>1</span> <span class='ocrx_word' id='word_1_27' title='bbox 376 1042 506 1127; x_wconf 80' lang='grc' dir='ltr'>Αγῶνας</span> <span class='ocrx_word' id='word_1_28' title='bbox 529 1044 630 1113; x_wconf 73' lang='grc' dir='ltr'>ἆθλα</span> <span class='ocrx_word' id='word_1_29' title='bbox 651 1056 703 1113; x_wconf 88' lang='grc' dir='ltr'>καί</span> <span class='ocrx_word' id='word_1_30' title='bbox 726 1046 924 1132; x_wconf 82' lang='grc' dir='ltr'>παλαίσματα</span> <span class='ocrx_word' id='word_1_31' title='bbox 947 1049 1064 1129; x_wconf 82' lang='grc' dir='ltr'>βλέπων</span> 
     </span>
     <span class='ocr_line' id='line_1_6' title="bbox 363 1148 1052 1240; baseline 0.004 -26"><span class='ocrx_word' id='word_1_32' title='bbox 363 1148 507 1235; x_wconf 77' lang='grc' dir='ltr'><strong>ΙΑιίτοῖς</strong></span> <span class='ocrx_word' id='word_1_33' title='bbox 531 1153 693 1240; x_wconf 77' lang='grc' dir='ltr'>γενάρχαις</span> <span class='ocrx_word' id='word_1_34' title='bbox 715 1150 732 1217; x_wconf 84' lang='grc' dir='ltr'>ὁ</span> <span class='ocrx_word' id='word_1_35' title='bbox 756 1156 965 1237; x_wconf 81' lang='grc' dir='ltr'>προσερπόσας</span> <span class='ocrx_word' id='word_1_36' title='bbox 987 1152 1052 1239; x_wconf 73' lang='grc' dir='ltr'>ὄφις</span> 
     </span>
    </p>
   </div>
   <div class='ocr_carea' id='block_1_2' title="bbox 377 1256 1056 1346">
    <p class='ocr_par' dir='ltr' id='par_1_2' title="bbox 377 1256 1056 1346">
     <span class='ocr_line' id='line_1_7' title="bbox 377 1256 1056 1346; baseline 0.003 -24"><span class='ocrx_word' id='word_1_37' title='bbox 377 1256 421 1323; x_wconf 83' lang='grc' dir='ltr'>Δι’</span> <span class='ocrx_word' id='word_1_38' title='bbox 446 1256 558 1346; x_wconf 80' lang='grc' dir='ltr'>ἡδονῆς</span> <span class='ocrx_word' id='word_1_39' title='bbox 582 1260 688 1333; x_wconf 77' lang='grc' dir='ltr'>ἔπλεξε</span> <span class='ocrx_word' id='word_1_40' title='bbox 711 1264 940 1345; x_wconf 76' lang='grc' dir='ltr'>συμπλοκαῖς</span> <span class='ocrx_word' id='word_1_41' title='bbox 962 1258 1056 1325; x_wconf 86' lang='grc' dir='ltr'>παλαι</span> 
     </span>
    </p>
   </div>
   <div class='ocr_carea' id='block_1_3' title="bbox 194 1352 1112 1507">
    <p class='ocr_par' dir='ltr' id='par_1_3' title="bbox 194 1352 1112 1507">
     <span class='ocr_line' id='line_1_8' title="bbox 194 1352 1112 1507; baseline 0.001 -24"><span class='ocrx_word' id='word_1_42' title='bbox 194 1352 228 1411; x_wconf 60' lang='lat' dir='ltr'><strong>et</strong></span> <span class='ocrx_word' id='word_1_43' title='bbox 286 1420 349 1484; x_wconf 80' lang='lat'><strong>142</strong></span> <span class='ocrx_word' id='word_1_44' title='bbox 378 1416 470 1504; x_wconf 79' lang='grc' dir='ltr'>Φοίηη</span> <span class='ocrx_word' id='word_1_45' title='bbox 494 1422 546 1485; x_wconf 82' lang='grc' dir='ltr'>τόν</span> <span class='ocrx_word' id='word_1_46' title='bbox 569 1418 654 1504; x_wconf 75' lang='grc' dir='ltr'>ἄρτον</span> <span class='ocrx_word' id='word_1_47' title='bbox 678 1418 708 1485; x_wconf 79' lang='grc' dir='ltr'><strong>ἐν</strong></span> <span class='ocrx_word' id='word_1_48' title='bbox 730 1426 836 1492; x_wconf 79' lang='grc' dir='ltr'>κόποις</span> <span class='ocrx_word' id='word_1_49' title='bbox 858 1424 911 1483; x_wconf 88' lang='grc' dir='ltr'>καὶ</span> <span class='ocrx_word' id='word_1_50' title='bbox 934 1419 1112 1507; x_wconf 69' lang='grc' dir='ltr'>φροντίσιν</span> 
     </span>
    </p>
   </div>
   <div class='ocr_carea' id='block_1_4' title="bbox 371 1524 1106 1613">
    <p class='ocr_par' dir='ltr' id='par_1_4' title="bbox 371 1524 1106 1613">
     <span class='ocr_line' id='line_1_9' title="bbox 371 1524 1106 1613; baseline -0.001 -24"><span class='ocrx_word' id='word_1_51' title='bbox 371 1524 459 1598; x_wconf 87' lang='grc' dir='ltr'><strong>Ἕως</strong></span> <span class='ocrx_word' id='word_1_52' title='bbox 481 1527 537 1591; x_wconf 83' lang='grc' dir='ltr'><strong>ἐὼν</strong></span> <span class='ocrx_word' id='word_1_53' title='bbox 560 1538 616 1611; x_wconf 74' lang='grc' dir='ltr'><strong>γῆς</strong></span> <span class='ocrx_word' id='word_1_54' title='bbox 638 1530 788 1612; x_wconf 79' lang='grc' dir='ltr'>ηεηενης</span> <span class='ocrx_word' id='word_1_55' title='bbox 812 1526 883 1609; x_wconf 87' lang='lat' dir='ltr'><strong>[sic]</strong></span> <span class='ocrx_word' id='word_1_56' title='bbox 906 1528 1106 1613; x_wconf 84' lang='grc' dir='ltr'>παλινδρόμει.</span> 
     </span>
    </p>
   </div>
   <div class='ocr_carea' id='block_1_5' title="bbox 193 1685 1419 2515">
    <p class='ocr_par' dir='ltr' id='par_1_5' title="bbox 265 1685 1343 1983">
     <span class='ocr_line' id='line_1_10' title="bbox 265 1685 1343 1770; baseline 0.002 -21"><span class='ocrx_word' id='word_1_57' title='bbox 265 1686 306 1749; x_wconf 88' lang='grc' dir='ltr'><strong>Η.</strong></span> <span class='ocrx_word' id='word_1_58' title='bbox 345 1686 399 1752; x_wconf 88' lang='lat' dir='ltr'><strong>De</strong></span> <span class='ocrx_word' id='word_1_59' title='bbox 427 1686 588 1769; x_wconf 81' lang='lat' dir='ltr'><strong>Ignatii,</strong></span> <span class='ocrx_word' id='word_1_60' title='bbox 618 1685 844 1769; x_wconf 81' lang='lat' dir='ltr'>Theodosii,</span> <span class='ocrx_word' id='word_1_61' title='bbox 875 1685 1157 1770; x_wconf 73' lang='lat' dir='ltr'><strong>christophori,</strong></span> <span class='ocrx_word' id='word_1_62' title='bbox 1184 1686 1343 1751; x_wconf 87' lang='lat' dir='ltr'><strong>Ioannis</strong></span> 
     </span>
     <span class='ocr_line' id='line_1_11' title="bbox 624 1792 990 1876; baseline 0 -20"><span class='ocrx_word' id='word_1_63' title='bbox 624 1792 779 1876; x_wconf 79' lang='lat' dir='ltr'><strong>legibus</strong></span> <span class='ocrx_word' id='word_1_64' title='bbox 806 1792 990 1859; x_wconf 74' lang='lat' dir='ltr'><strong>metricis.</strong></span> 
     </span>
     <span class='ocr_line' id='line_1_12' title="bbox 315 1898 1301 1983; baseline 0.001 -18"><span class='ocrx_word' id='word_1_65' title='bbox 315 1902 390 1979; x_wconf 66' lang='lat'><strong>51.</strong></span> <span class='ocrx_word' id='word_1_66' title='bbox 427 1899 483 1965; x_wconf 91' lang='lat' dir='ltr'><strong>De</strong></span> <span class='ocrx_word' id='word_1_67' title='bbox 511 1900 657 1965; x_wconf 91' lang='lat' dir='ltr'><strong>senarii</strong></span> <span class='ocrx_word' id='word_1_68' title='bbox 685 1899 843 1965; x_wconf 86' lang='lat' dir='ltr'><strong>iambici</strong></span> <span class='ocrx_word' id='word_1_69' title='bbox 871 1898 1109 1983; x_wconf 80' lang='lat' dir='ltr'><strong>syllabarum</strong></span> <span class='ocrx_word' id='word_1_70' title='bbox 1136 1918 1301 1967; x_wconf 91' lang='lat' dir='ltr'><strong>numero.</strong></span> 
     </span>
    </p>

    <p class='ocr_par' dir='ltr' id='par_1_6' title="bbox 193 2004 1419 2411">
     <span class='ocr_line' id='line_1_13' title="bbox 283 2004 1419 2090; baseline 0.002 -21"><span class='ocrx_word' id='word_1_71' title='bbox 283 2005 380 2090; x_wconf 85' lang='lat' dir='ltr'><strong>Apud</strong></span> <span class='ocrx_word' id='word_1_72' title='bbox 411 2006 583 2089; x_wconf 80' lang='lat' dir='ltr'><strong>ignatium,</strong></span> <span class='ocrx_word' id='word_1_73' title='bbox 617 2004 847 2084; x_wconf 82' lang='lat' dir='ltr'><strong>Theodosium,</strong></span> <span class='ocrx_word' id='word_1_74' title='bbox 881 2004 1154 2089; x_wconf 69' lang='lat' dir='ltr'><strong>christophorum,</strong></span> <span class='ocrx_word' id='word_1_75' title='bbox 1184 2005 1339 2073; x_wconf 89' lang='lat' dir='ltr'><strong>Ioannem</strong></span> <span class='ocrx_word' id='word_1_76' title='bbox 1366 2004 1419 2071; x_wconf 83' lang='lat' dir='ltr'><strong>lex</strong></span> 
     </span>
     <span class='ocr_line' id='line_1_14' title="bbox 195 2110 1418 2196; baseline 0 -19"><span class='ocrx_word' id='word_1_77' title='bbox 195 2118 273 2189; x_wconf 89' lang='lat' dir='ltr'><strong>erut,</strong></span> <span class='ocrx_word' id='word_1_78' title='bbox 298 2119 332 2177; x_wconf 92' lang='lat' dir='ltr'><strong>ut</strong></span> <span class='ocrx_word' id='word_1_79' title='bbox 351 2113 535 2179; x_wconf 89' lang='lat' dir='ltr'><strong>senarius</strong></span> <span class='ocrx_word' id='word_1_80' title='bbox 558 2113 747 2178; x_wconf 86' lang='lat' dir='ltr'><strong>iambicus</strong></span> <span class='ocrx_word' id='word_1_81' title='bbox 771 2111 974 2178; x_wconf 80' lang='lat' dir='ltr'><strong>duodecim</strong></span> <span class='ocrx_word' id='word_1_82' title='bbox 995 2110 1163 2196; x_wconf 82' lang='lat' dir='ltr'><strong>syllabis</strong></span> <span class='ocrx_word' id='word_1_83' title='bbox 1181 2112 1418 2179; x_wconf 85' lang='lat' dir='ltr'><strong>efficeretur.</strong></span> 
     </span>
     <span class='ocr_line' id='line_1_15' title="bbox 193 2217 1419 2304; baseline 0.002 -23"><span class='ocrx_word' id='word_1_84' title='bbox 193 2218 293 2283; x_wconf 90' lang='lat' dir='ltr'><strong>Multo</strong></span> <span class='ocrx_word' id='word_1_85' title='bbox 331 2220 462 2303; x_wconf 88' lang='lat' dir='ltr'><strong>saepius</strong></span> <span class='ocrx_word' id='word_1_86' title='bbox 500 2218 665 2285; x_wconf 83' lang='lat' dir='ltr'><strong>codicibus</strong></span> <span class='ocrx_word' id='word_1_87' title='bbox 703 2217 814 2284; x_wconf 80' lang='lat' dir='ltr'><strong>traditi</strong></span> <span class='ocrx_word' id='word_1_88' title='bbox 853 2228 928 2285; x_wconf 86' lang='lat' dir='ltr'><strong>suut</strong></span> <span class='ocrx_word' id='word_1_89' title='bbox 959 2238 1073 2285; x_wconf 81' lang='lat' dir='ltr'><strong>versus</strong></span> <span class='ocrx_word' id='word_1_90' title='bbox 1106 2220 1161 2301; x_wconf 89' lang='lat' dir='ltr'><strong>qui</strong></span> <span class='ocrx_word' id='word_1_91' title='bbox 1193 2240 1258 2285; x_wconf 86' lang='lat' dir='ltr'><strong>una</strong></span> <span class='ocrx_word' id='word_1_92' title='bbox 1290 2219 1419 2304; x_wconf 82' lang='lat' dir='ltr'><strong>syllaba</strong></span> 
     </span>
     <span class='ocr_line' id='line_1_16' title="bbox 194 2324 1171 2411; baseline 0.003 -22"><span class='ocrx_word' id='word_1_93' title='bbox 194 2333 425 2409; x_wconf 79' lang='lat' dir='ltr'><strong>carentonam</strong></span> <span class='ocrx_word' id='word_1_94' title='bbox 450 2326 505 2409; x_wconf 90' lang='lat' dir='ltr'><strong>qui</strong></span> <span class='ocrx_word' id='word_1_95' title='bbox 528 2326 602 2411; x_wconf 91' lang='lat' dir='ltr'><strong>plus</strong></span> <span class='ocrx_word' id='word_1_96' title='bbox 626 2325 796 2391; x_wconf 82' lang='lat' dir='ltr'><strong>duodecim</strong></span> <span class='ocrx_word' id='word_1_97' title='bbox 820 2325 958 2410; x_wconf 88' lang='lat' dir='ltr'><strong>syllabis</strong></span> <span class='ocrx_word' id='word_1_98' title='bbox 981 2324 1171 2393; x_wconf 87' lang='lat' dir='ltr'><strong>efficiuntur.</strong></span> 
     </span>
    </p>

    <p class='ocr_par' dir='ltr' id='par_1_7' title="bbox 282 2430 1418 2515">
     <span class='ocr_line' id='line_1_17' title="bbox 282 2430 1418 2515; baseline 0.002 -19"><span class='ocrx_word' id='word_1_99' title='bbox 282 2431 405 2515; x_wconf 81' lang='lat' dir='ltr'><strong>Ignat.</strong></span> <span class='ocrx_word' id='word_1_100' title='bbox 434 2433 467 2497; x_wconf 91' lang='lat' dir='ltr'><strong>in</strong></span> <span class='ocrx_word' id='word_1_101' title='bbox 491 2432 606 2497; x_wconf 87' lang='lat' dir='ltr'><strong>Adam.</strong></span> <span class='ocrx_word' id='word_1_102' title='bbox 632 2436 675 2499; x_wconf 89' lang='grc'><strong>49</strong></span> <span class='ocrx_word' id='word_1_103' title='bbox 705 2432 867 2514; x_wconf 90' lang='lat' dir='ltr'><strong>Duebner‚</strong></span> <span class='ocrx_word' id='word_1_104' title='bbox 901 2432 934 2497; x_wconf 93' lang='lat' dir='ltr'><strong>in</strong></span> <span class='ocrx_word' id='word_1_105' title='bbox 961 2430 1078 2500; x_wconf 77' lang='lat' dir='ltr'><strong>Adam,</strong></span> <span class='ocrx_word' id='word_1_106' title='bbox 1108 2434 1151 2499; x_wconf 84' lang='lat'><strong>88</strong></span> <span class='ocrx_word' id='word_1_107' title='bbox 1183 2431 1418 2498; x_wconf 87' lang='lat' dir='ltr'><strong>Boissonadius</strong></span> 
     </span>
    </p>
   </div>
   <div class='ocr_carea' id='block_1_6' title="bbox 97 2537 500 2606">
    <p class='ocr_par' dir='ltr' id='par_1_8' title="bbox 97 2537 500 2606">
     <span class='ocr_line' id='line_1_18' title="bbox 97 2537 500 2606; baseline 0 -2"><span class='ocrx_word' id='word_1_108' title='bbox 97 2582 99 2587; x_wconf 91' lang='lat'>-</span> <span class='ocrx_word' id='word_1_109' title='bbox 193 2546 282 2606; x_wconf 88' lang='lat' dir='ltr'><strong>recte</strong></span> <span class='ocrx_word' id='word_1_110' title='bbox 307 2537 500 2606; x_wconf 88' lang='lat' dir='ltr'><strong>emendavit.</strong></span> 
     </span>
    </p>
   </div>
   <div class='ocr_carea' id='block_1_7' title="bbox 116 2645 1418 4762">
    <p class='ocr_par' dir='ltr' id='par_1_9' title="bbox 282 2645 1237 2840">
     <span class='ocr_line' id='line_1_19' title="bbox 282 2645 1237 2734; baseline -0.001 -22"><span class='ocrx_word' id='word_1_111' title='bbox 282 2646 424 2716; x_wconf 81' lang='lat' dir='ltr'><strong>Theoti.</strong></span> <span class='ocrx_word' id='word_1_112' title='bbox 453 2653 479 2730; x_wconf 93' lang='lat'><strong>1,</strong></span> <span class='ocrx_word' id='word_1_113' title='bbox 494 2650 559 2714; x_wconf 76' lang='lat'><strong>218</strong></span> <span class='ocrx_word' id='word_1_114' title='bbox 587 2653 689 2734; x_wconf 87' lang='grc' dir='ltr'>μικρόν</span> <span class='ocrx_word' id='word_1_115' title='bbox 712 2670 738 2711; x_wconf 93' lang='grc' dir='ltr'><strong>τι</strong></span> <span class='ocrx_word' id='word_1_116' title='bbox 760 2653 945 2732; x_wconf 83' lang='grc' dir='ltr'>καρτέρησον</span> <span class='ocrx_word' id='word_1_117' title='bbox 967 2645 1105 2732; x_wconf 79' lang='grc' dir='ltr'>ἐμβαλὼν</span> <span class='ocrx_word' id='word_1_118' title='bbox 1126 2645 1237 2730; x_wconf 79' lang='grc' dir='ltr'>κράνος</span> 
     </span>
     <span class='ocr_line' id='line_1_20' title="bbox 588 2749 1180 2840; baseline -0.002 -23"><span class='ocrx_word' id='word_1_119' title='bbox 588 2749 659 2838; x_wconf 66' lang='grc' dir='ltr'>ὑπὲρ</span> <span class='ocrx_word' id='word_1_120' title='bbox 682 2757 786 2818; x_wconf 80' lang='grc' dir='ltr'>*θοῶν</span> <span class='ocrx_word' id='word_1_121' title='bbox 808 2752 911 2818; x_wconf 81' lang='grc' dir='ltr'>ἵστασο</span> <span class='ocrx_word' id='word_1_122' title='bbox 933 2757 987 2818; x_wconf 85' lang='grc' dir='ltr'>καὶ</span> <span class='ocrx_word' id='word_1_123' title='bbox 1008 2765 1065 2838; x_wconf 84' lang='grc' dir='ltr'>της</span> <span class='ocrx_word' id='word_1_124' title='bbox 1087 2755 1180 2840; x_wconf 83' lang='grc' dir='ltr'>δίκης.</span> 
     </span>
    </p>

    <p class='ocr_par' dir='ltr' id='par_1_10' title="bbox 192 2857 1418 3156">
     <span class='ocr_line' id='line_1_21' title="bbox 193 2857 1418 2944; baseline -0.001 -21"><span class='ocrx_word' id='word_1_125' title='bbox 193 2859 290 2937; x_wconf 75' lang='lat' dir='ltr'><strong>,Fort</strong></span> <span class='ocrx_word' id='word_1_126' title='bbox 320 2857 391 2944; x_wconf 75' lang='grc' dir='ltr'>ὑπὲρ</span> <span class='ocrx_word' id='word_1_127' title='bbox 419 2863 494 2924; x_wconf 77' lang='grc' dir='ltr'>θεοῦ</span> <span class='ocrx_word' id='word_1_128' title='bbox 524 2861 587 2940; x_wconf 76' lang='lat' dir='ltr'><strong>(dd)</strong></span> <span class='ocrx_word' id='word_1_129' title='bbox 620 2860 785 2934; x_wconf 84' lang='grc' dir='ltr'>σονίστασο,</span> <span class='ocrx_word' id='word_1_130' title='bbox 817 2879 876 2944; x_wconf 92' lang='lat' dir='ltr'><strong>pro</strong></span> <span class='ocrx_word' id='word_1_131' title='bbox 903 2859 966 2924; x_wconf 92' lang='lat' dir='ltr'><strong>deo</strong></span> <span class='ocrx_word' id='word_1_132' title='bbox 994 2879 1104 2944; x_wconf 83' lang='lat' dir='ltr'><strong>pugna</strong></span> <span class='ocrx_word' id='word_1_133' title='bbox 1136 2867 1169 2923; x_wconf 91' lang='lat' dir='ltr'><strong>et</strong></span> <span class='ocrx_word' id='word_1_134' title='bbox 1194 2879 1253 2943; x_wconf 94' lang='lat' dir='ltr'><strong>pro</strong></span> <span class='ocrx_word' id='word_1_135' title='bbox 1282 2858 1418 2924; x_wconf 88' lang='lat' dir='ltr'><strong>iustitia‘</strong></span> 
     </span>
     <span class='ocr_line' id='line_1_22' title="bbox 192 2964 1415 3050; baseline 0.001 -21"><span class='ocrx_word' id='word_1_136' title='bbox 192 2965 375 3048; x_wconf 82' lang='lat' dir='ltr'><strong>Iacobsius3</strong></span> <span class='ocrx_word' id='word_1_137' title='bbox 413 2964 471 3031; x_wconf 87' lang='lat' dir='ltr'><strong>sed</strong></span> <span class='ocrx_word' id='word_1_138' title='bbox 505 2965 587 3031; x_wconf 90' lang='lat' dir='ltr'><strong>haec</strong></span> <span class='ocrx_word' id='word_1_139' title='bbox 621 2965 802 3032; x_wconf 85' lang='lat' dir='ltr'><strong>emendatio</strong></span> <span class='ocrx_word' id='word_1_140' title='bbox 835 2973 995 3050; x_wconf 85' lang='lat' dir='ltr'><strong>repugnat</strong></span> <span class='ocrx_word' id='word_1_141' title='bbox 1026 2964 1242 3050; x_wconf 82' lang='lat' dir='ltr'><strong>paragraphis</strong></span> <span class='ocrx_word' id='word_1_142' title='bbox 1275 2969 1296 3030; x_wconf 83' lang='lat'>4</span> <span class='ocrx_word' id='word_1_143' title='bbox 1324 2972 1357 3030; x_wconf 90' lang='lat' dir='ltr'><strong>et</strong></span> <span class='ocrx_word' id='word_1_144' title='bbox 1385 2969 1415 3033; x_wconf 89' lang='lat'><strong>8.</strong></span> 
     </span>
     <span class='ocr_line' id='line_1_23' title="bbox 192 3070 469 3156; baseline 0 -20"><span class='ocrx_word' id='word_1_145' title='bbox 192 3070 380 3156; x_wconf 84' lang='lat' dir='ltr'><strong>Legendum</strong></span> <span class='ocrx_word' id='word_1_146' title='bbox 405 3080 469 3138; x_wconf 88' lang='lat' dir='ltr'><strong>est:</strong></span> 
     </span>
    </p>

    <p class='ocr_par' dir='ltr' id='par_1_11' title="bbox 192 3175 1417 3691">
     <span class='ocr_line' id='line_1_24' title="bbox 281 3175 989 3267; baseline 0.001 -24"><span class='ocrx_word' id='word_1_147' title='bbox 281 3175 352 3265; x_wconf 76' lang='grc' dir='ltr'>ὑπὲρ</span> <span class='ocrx_word' id='word_1_148' title='bbox 374 3184 463 3246; x_wconf 78' lang='grc' dir='ltr'>θεοῦ</span> <span class='ocrx_word' id='word_1_149' title='bbox 487 3191 542 3246; x_wconf 82' lang='grc' dir='ltr'><strong>νῦν</strong></span> <span class='ocrx_word' id='word_1_150' title='bbox 564 3179 720 3246; x_wconf 85' lang='grc' dir='ltr'>ἵππασον</span> <span class='ocrx_word' id='word_1_151' title='bbox 742 3186 795 3246; x_wconf 84' lang='grc' dir='ltr'>καί</span> <span class='ocrx_word' id='word_1_152' title='bbox 816 3193 870 3267; x_wconf 86' lang='grc' dir='ltr'>της</span> <span class='ocrx_word' id='word_1_153' title='bbox 893 3181 989 3266; x_wconf 86' lang='grc' dir='ltr'>δίκης.</span> 
     </span>
     <span class='ocr_line' id='line_1_25' title="bbox 192 3285 1417 3378; baseline 0.003 -28"><span class='ocrx_word' id='word_1_154' title='bbox 192 3285 336 3378; x_wconf 83' lang='lat' dir='ltr'><strong>Equites,</strong></span> <span class='ocrx_word' id='word_1_155' title='bbox 368 3288 485 3371; x_wconf 87' lang='lat' dir='ltr'><strong>quibus</strong></span> <span class='ocrx_word' id='word_1_156' title='bbox 517 3294 668 3372; x_wconf 88' lang='lat' dir='ltr'><strong>praeerat</strong></span> <span class='ocrx_word' id='word_1_157' title='bbox 700 3286 901 3372; x_wconf 90' lang='lat' dir='ltr'><strong>Nicephorus</strong></span> <span class='ocrx_word' id='word_1_158' title='bbox 932 3286 987 3368; x_wconf 81' lang='lat' dir='ltr'><strong>(cf.</strong></span> <span class='ocrx_word' id='word_1_159' title='bbox 1022 3291 1049 3368; x_wconf 89' lang='lat' dir='ltr'><strong>l,</strong></span> <span class='ocrx_word' id='word_1_160' title='bbox 1072 3288 1144 3353; x_wconf 87' lang='grc'><strong>106.</strong></span> <span class='ocrx_word' id='word_1_161' title='bbox 1175 3289 1265 3369; x_wconf 88' lang='grc'>144),</span> <span class='ocrx_word' id='word_1_162' title='bbox 1300 3287 1417 3354; x_wconf 85' lang='lat' dir='ltr'><strong>castris</strong></span> 
     </span>
     <span class='ocr_line' id='line_1_26' title="bbox 193 3393 1416 3479; baseline 0.002 -20"><span class='ocrx_word' id='word_1_163' title='bbox 193 3394 310 3479; x_wconf 90' lang='lat' dir='ltr'><strong>positis</strong></span> <span class='ocrx_word' id='word_1_164' title='bbox 334 3394 491 3479; x_wconf 89' lang='lat' dir='ltr'><strong>inopinati</strong></span> <span class='ocrx_word' id='word_1_165' title='bbox 515 3393 758 3460; x_wconf 84' lang='lat' dir='ltr'><strong>aCretensibus</strong></span> <span class='ocrx_word' id='word_1_166' title='bbox 781 3395 885 3478; x_wconf 88' lang='lat' dir='ltr'><strong>prima</strong></span> <span class='ocrx_word' id='word_1_167' title='bbox 908 3394 980 3458; x_wconf 85' lang='lat' dir='ltr'><strong>lnce</strong></span> <span class='ocrx_word' id='word_1_168' title='bbox 1003 3393 1096 3478; x_wconf 88' lang='lat' dir='ltr'><strong>petiti</strong></span> <span class='ocrx_word' id='word_1_169' title='bbox 1120 3401 1207 3470; x_wconf 89' lang='lat' dir='ltr'><strong>suut;</strong></span> <span class='ocrx_word' id='word_1_170' title='bbox 1233 3401 1300 3458; x_wconf 94' lang='lat' dir='ltr'><strong>tum</strong></span> <span class='ocrx_word' id='word_1_171' title='bbox 1322 3395 1416 3462; x_wconf 86' lang='lat' dir='ltr'><strong>Nice-</strong></span> 
     </span>
     <span class='ocr_line' id='line_1_27' title="bbox 192 3499 1416 3585; baseline 0.001 -20"><span class='ocrx_word' id='word_1_172' title='bbox 192 3499 313 3584; x_wconf 89' lang='lat' dir='ltr'><strong>phorus</strong></span> <span class='ocrx_word' id='word_1_173' title='bbox 337 3502 477 3585; x_wconf 87' lang='lat' dir='ltr'><strong>equitem</strong></span> <span class='ocrx_word' id='word_1_174' title='bbox 501 3499 674 3584; x_wconf 90' lang='lat' dir='ltr'><strong>quemlibet</strong></span> <span class='ocrx_word' id='word_1_175' title='bbox 697 3502 923 3566; x_wconf 87' lang='lat' dir='ltr'><strong>semisomnum</strong></span> <span class='ocrx_word' id='word_1_176' title='bbox 946 3499 1105 3567; x_wconf 85' lang='lat' dir='ltr'><strong>allocutus</strong></span> <span class='ocrx_word' id='word_1_177' title='bbox 1133 3500 1184 3578; x_wconf 82' lang='lat' dir='ltr'><strong>(ci.</strong></span> <span class='ocrx_word' id='word_1_178' title='bbox 1211 3509 1239 3585; x_wconf 88' lang='lat' dir='ltr'><strong>l,</strong></span> <span class='ocrx_word' id='word_1_179' title='bbox 1260 3504 1338 3580; x_wconf 71' lang='grc'>2141</span> <span class='ocrx_word' id='word_1_180' title='bbox 1363 3521 1416 3567; x_wconf 85' lang='lat' dir='ltr'><strong>ex·</strong></span> 
     </span>
     <span class='ocr_line' id='line_1_28' title="bbox 193 3605 1416 3691; baseline 0 -20"><span class='ocrx_word' id='word_1_181' title='bbox 193 3605 345 3690; x_wconf 86' lang='lat' dir='ltr'><strong>hortatur,</strong></span> <span class='ocrx_word' id='word_1_182' title='bbox 369 3619 404 3672; x_wconf 91' lang='lat' dir='ltr'><strong>ut</strong></span> <span class='ocrx_word' id='word_1_183' title='bbox 427 3608 595 3674; x_wconf 82' lang='lat' dir='ltr'><strong>confestim</strong></span> <span class='ocrx_word' id='word_1_184' title='bbox 619 3617 788 3690; x_wconf 84' lang='lat' dir='ltr'><strong>exsurgat,</strong></span> <span class='ocrx_word' id='word_1_185' title='bbox 813 3627 904 3672; x_wconf 90' lang='lat' dir='ltr'><strong>arma</strong></span> <span class='ocrx_word' id='word_1_186' title='bbox 927 3607 1046 3691; x_wconf 83' lang='lat' dir='ltr'><strong>capiat,</strong></span> <span class='ocrx_word' id='word_1_187' title='bbox 1070 3626 1186 3690; x_wconf 86' lang='lat' dir='ltr'><strong>equum</strong></span> <span class='ocrx_word' id='word_1_188' title='bbox 1210 3606 1416 3673; x_wconf 86' lang='lat' dir='ltr'><strong>conscendat</strong></span> 
     </span>
    </p>

    <p class='ocr_par' dir='ltr' id='par_1_12' title="bbox 116 3715 1416 4762">
     <span class='ocr_line' id='line_1_29' title="bbox 282 3715 1042 3802; baseline -0.003 -22"><span class='ocrx_word' id='word_1_189' title='bbox 282 3717 312 3790; x_wconf 79' lang='lat'><strong>2,</strong></span> <span class='ocrx_word' id='word_1_190' title='bbox 339 3717 401 3781; x_wconf 87' lang='grc'><strong>136</strong></span> <span class='ocrx_word' id='word_1_191' title='bbox 429 3718 694 3802; x_wconf 77' lang='grc' dir='ltr'>ραλαηηοοόιστας,</span> <span class='ocrx_word' id='word_1_192' title='bbox 719 3715 1042 3798; x_wconf 77' lang='grc' dir='ltr'>πείοτοξοκρόιτας·</span> 
     </span>
     <span class='ocr_line' id='line_1_30' title="bbox 193 3819 1416 3904; baseline 0 -18"><span class='ocrx_word' id='word_1_193' title='bbox 193 3824 255 3896; x_wconf 87' lang='grc' dir='ltr'>,καὶ</span> <span class='ocrx_word' id='word_1_194' title='bbox 286 3820 414 3886; x_wconf 89' lang='lat' dir='ltr'><strong>videtur</strong></span> <span class='ocrx_word' id='word_1_195' title='bbox 445 3819 650 3888; x_wconf 89' lang='lat' dir='ltr'><strong>inserendum</strong></span> <span class='ocrx_word' id='word_1_196' title='bbox 684 3829 759 3886; x_wconf 88' lang='lat' dir='ltr'><strong>ante</strong></span> <span class='ocrx_word' id='word_1_197' title='bbox 791 3821 1058 3904; x_wconf 76' lang='grc' dir='ltr'>πεζστοίοκράτας,</span> <span class='ocrx_word' id='word_1_198' title='bbox 1085 3821 1128 3886; x_wconf 88' lang='lat' dir='ltr'><strong>in</strong></span> <span class='ocrx_word' id='word_1_199' title='bbox 1162 3841 1225 3904; x_wconf 86' lang='lat' dir='ltr'><strong>quo</strong></span> <span class='ocrx_word' id='word_1_200' title='bbox 1260 3821 1416 3886; x_wconf 80' lang='lat' dir='ltr'><strong>uocabulo</strong></span> 
     </span>
     <span class='ocr_line' id='line_1_31' title="bbox 192 3926 1415 4012; baseline 0.002 -21"><span class='ocrx_word' id='word_1_201' title='bbox 192 3927 328 4011; x_wconf 93' lang='lat' dir='ltr'><strong>primum</strong></span> <span class='ocrx_word' id='word_1_202' title='bbox 345 3931 365 3984; x_wconf 88' lang='lat'>0</span> <span class='ocrx_word' id='word_1_203' title='bbox 385 3926 571 4012; x_wconf 85' lang='lat' dir='ltr'><strong>producitur</strong></span> <span class='ocrx_word' id='word_1_204' title='bbox 584 3927 693 3993; x_wconf 88' lang='lat' dir='ltr'><strong>littera</strong></span> <span class='ocrx_word' id='word_1_205' title='bbox 707 3932 730 3986; x_wconf 77' lang='lat' dir='ltr'><strong>&#39;l&#39;</strong></span> <span class='ocrx_word' id='word_1_206' title='bbox 749 3927 925 4012; x_wconf 87' lang='lat' dir='ltr'><strong>duplicata‘</strong></span> <span class='ocrx_word' id='word_1_207' title='bbox 940 3926 1124 4003; x_wconf 81' lang='lat' dir='ltr'><strong>Iacobsius3</strong></span> <span class='ocrx_word' id='word_1_208' title='bbox 1144 3927 1203 3994; x_wconf 89' lang='lat' dir='ltr'><strong>sed</strong></span> <span class='ocrx_word' id='word_1_209' title='bbox 1217 3927 1299 3992; x_wconf 90' lang='lat' dir='ltr'><strong>talia</strong></span> <span class='ocrx_word' id='word_1_210' title='bbox 1312 3927 1415 3994; x_wconf 69' lang='lat' dir='ltr'><strong>Thea</strong></span> 
     </span>
     <span class='ocr_line' id='line_1_32' title="bbox 116 4033 1414 4118; baseline -0.001 -16"><span class='ocrx_word' id='word_1_211' title='bbox 116 4085 122 4102; x_wconf 93' lang='lat'><strong>.</strong></span> <span class='ocrx_word' id='word_1_212' title='bbox 193 4033 305 4100; x_wconf 86' lang='lat' dir='ltr'><strong>dusius</strong></span> <span class='ocrx_word' id='word_1_213' title='bbox 328 4053 487 4116; x_wconf 90' lang='lat' dir='ltr'><strong>nusquam</strong></span> <span class='ocrx_word' id='word_1_214' title='bbox 511 4054 610 4100; x_wconf 86' lang='lat' dir='ltr'><strong>ausus</strong></span> <span class='ocrx_word' id='word_1_215' title='bbox 635 4043 693 4100; x_wconf 84' lang='lat' dir='ltr'><strong>est</strong></span> <span class='ocrx_word' id='word_1_216' title='bbox 741 4033 846 4100; x_wconf 83' lang='lat' dir='ltr'><strong>Oarol.</strong></span> <span class='ocrx_word' id='word_1_217' title='bbox 871 4033 924 4099; x_wconf 84' lang='lat' dir='ltr'><strong>Fr.</strong></span> <span class='ocrx_word' id='word_1_218' title='bbox 947 4033 1082 4100; x_wconf 87' lang='lat' dir='ltr'><strong>Mueller</strong></span> <span class='ocrx_word' id='word_1_219' title='bbox 1104 4033 1166 4098; x_wconf 86' lang='lat' dir='ltr'><strong>ll</strong></span> <span class='ocrx_word' id='word_1_220' title='bbox 1189 4055 1222 4118; x_wconf 96' lang='lat' dir='ltr'><strong>p.</strong></span> <span class='ocrx_word' id='word_1_221' title='bbox 1240 4035 1283 4102; x_wconf 92' lang='lat'><strong>10</strong></span> <span class='ocrx_word' id='word_1_222' title='bbox 1304 4033 1414 4101; x_wconf 85' lang='lat' dir='ltr'><strong>adnl</strong></span> 
     </span>
     <span class='ocr_line' id='line_1_33' title="bbox 192 4139 1414 4226; baseline 0.002 -20"><span class='ocrx_word' id='word_1_223' title='bbox 192 4139 329 4206; x_wconf 88' lang='lat' dir='ltr'><strong>coniecit</strong></span> <span class='ocrx_word' id='word_1_224' title='bbox 352 4141 652 4226; x_wconf 72' lang='grc' dir='ltr'>πείστοεοκράτορας,</span> <span class='ocrx_word' id='word_1_225' title='bbox 677 4161 761 4225; x_wconf 87' lang='lat' dir='ltr'><strong>quae</strong></span> <span class='ocrx_word' id='word_1_226' title='bbox 784 4141 969 4207; x_wconf 86' lang='lat' dir='ltr'><strong>emendatio</strong></span> <span class='ocrx_word' id='word_1_227' title='bbox 988 4148 1149 4226; x_wconf 79' lang='lat' dir='ltr'><strong>repugnat</strong></span> <span class='ocrx_word' id='word_1_228' title='bbox 1161 4139 1369 4226; x_wconf 76' lang='lat' dir='ltr'><strong>paragrapho</strong></span> <span class='ocrx_word' id='word_1_229' title='bbox 1383 4143 1414 4208; x_wconf 81' lang='lat'><strong>2.</strong></span> 
     </span>
     <span class='ocr_line' id='line_1_34' title="bbox 192 4247 1415 4332; baseline 0.002 -20"><span class='ocrx_word' id='word_1_230' title='bbox 192 4249 291 4314; x_wconf 87' lang='lat' dir='ltr'><strong>Recte</strong></span> <span class='ocrx_word' id='word_1_231' title='bbox 317 4247 501 4314; x_wconf 87' lang='lat' dir='ltr'><strong>emendavit</strong></span> <span class='ocrx_word' id='word_1_232' title='bbox 524 4249 628 4313; x_wconf 86' lang='lat' dir='ltr'><strong>locum</strong></span> <span class='ocrx_word' id='word_1_233' title='bbox 643 4247 887 4332; x_wconf 85' lang='lat' dir='ltr'><strong>Bnissonadius‚</strong></span> <span class='ocrx_word' id='word_1_234' title='bbox 912 4249 965 4331; x_wconf 92' lang='lat' dir='ltr'><strong>qui</strong></span> <span class='ocrx_word' id='word_1_235' title='bbox 990 4249 1022 4312; x_wconf 92' lang='lat' dir='ltr'><strong>in</strong></span> <span class='ocrx_word' id='word_1_236' title='bbox 1038 4250 1097 4313; x_wconf 80' lang='lat' dir='ltr'><strong>An.</strong></span> <span class='ocrx_word' id='word_1_237' title='bbox 1113 4247 1166 4313; x_wconf 84' lang='lat' dir='ltr'><strong>Gr.</strong></span> <span class='ocrx_word' id='word_1_238' title='bbox 1184 4248 1281 4313; x_wconf 80' lang='lat' dir='ltr'><strong>roll</strong></span> <span class='ocrx_word' id='word_1_239' title='bbox 1303 4269 1334 4332; x_wconf 97' lang='lat' dir='ltr'><strong>p.</strong></span> <span class='ocrx_word' id='word_1_240' title='bbox 1349 4250 1415 4314; x_wconf 86' lang='lat'><strong>438</strong></span> 
     </span>
     <span class='ocr_line' id='line_1_35' title="bbox 192 4354 1415 4440; baseline 0.002 -20"><span class='ocrx_word' id='word_1_241' title='bbox 192 4354 267 4420; x_wconf 91' lang='lat' dir='ltr'><strong>adn.</strong></span> <span class='ocrx_word' id='word_1_242' title='bbox 292 4356 313 4421; x_wconf 83' lang='lat' dir='ltr'><strong>b</strong></span> <span class='ocrx_word' id='word_1_243' title='bbox 337 4355 475 4420; x_wconf 88' lang='lat' dir='ltr'><strong>coniecit</strong></span> <span class='ocrx_word' id='word_1_244' title='bbox 497 4355 862 4440; x_wconf 75' lang='grc' dir='ltr'>πεζστοίοτσκράτας</span> <span class='ocrx_word' id='word_1_245' title='bbox 884 4356 919 4437; x_wconf 84' lang='lat' dir='ltr'><strong>(i.</strong></span> <span class='ocrx_word' id='word_1_246' title='bbox 935 4375 963 4419; x_wconf 90' lang='lat' dir='ltr'><strong>e.</strong></span> <span class='ocrx_word' id='word_1_247' title='bbox 988 4354 1089 4420; x_wconf 86' lang='lat' dir='ltr'><strong>duces</strong></span> <span class='ocrx_word' id='word_1_248' title='bbox 1112 4354 1257 4440; x_wconf 87' lang='lat' dir='ltr'><strong>peditum</strong></span> <span class='ocrx_word' id='word_1_249' title='bbox 1280 4356 1415 4438; x_wconf 82' lang='lat' dir='ltr'><strong>sagitta·</strong></span> 
     </span>
     <span class='ocr_line' id='line_1_36' title="bbox 191 4460 1415 4548; baseline 0.002 -23"><span class='ocrx_word' id='word_1_250' title='bbox 191 4463 336 4548; x_wconf 80' lang='lat' dir='ltr'><strong>riorum);</strong></span> <span class='ocrx_word' id='word_1_251' title='bbox 361 4481 445 4545; x_wconf 86' lang='lat' dir='ltr'><strong>quae</strong></span> <span class='ocrx_word' id='word_1_252' title='bbox 460 4481 522 4526; x_wconf 86' lang='lat' dir='ltr'><strong>vox</strong></span> <span class='ocrx_word' id='word_1_253' title='bbox 537 4460 681 4544; x_wconf 82' lang='lat' dir='ltr'><strong>legitime</strong></span> <span class='ocrx_word' id='word_1_254' title='bbox 698 4462 878 4547; x_wconf 85' lang='lat' dir='ltr'><strong>composita</strong></span> <span class='ocrx_word' id='word_1_255' title='bbox 892 4470 974 4527; x_wconf 90' lang='lat' dir='ltr'><strong>este</strong></span> <span class='ocrx_word' id='word_1_256' title='bbox 988 4461 1156 4527; x_wconf 85' lang='lat' dir='ltr'><strong>vocabulis</strong></span> <span class='ocrx_word' id='word_1_257' title='bbox 1170 4467 1267 4539; x_wconf 75' lang='grc' dir='ltr'>πεζός,</span> <span class='ocrx_word' id='word_1_258' title='bbox 1282 4463 1415 4548; x_wconf 76' lang='grc' dir='ltr'>τοξότης,</span> 
     </span>
     <span class='ocr_line' id='line_1_37' title="bbox 189 4571 1416 4656; baseline 0.002 -24"><span class='ocrx_word' id='word_1_259' title='bbox 189 4575 318 4653; x_wconf 91' lang='grc' dir='ltr'>κρατέω,</span> <span class='ocrx_word' id='word_1_260' title='bbox 349 4575 383 4634; x_wconf 91' lang='lat' dir='ltr'><strong>ut</strong></span> <span class='ocrx_word' id='word_1_261' title='bbox 410 4571 517 4654; x_wconf 82' lang='lat'><strong>1,200</strong></span> <span class='ocrx_word' id='word_1_262' title='bbox 544 4572 731 4656; x_wconf 86' lang='grc' dir='ltr'>λοχοκρὰται</span> <span class='ocrx_word' id='word_1_263' title='bbox 759 4571 791 4648; x_wconf 85' lang='lat' dir='ltr'><strong>(e</strong></span> <span class='ocrx_word' id='word_1_264' title='bbox 820 4571 915 4655; x_wconf 82' lang='grc' dir='ltr'>λόχος</span> <span class='ocrx_word' id='word_1_265' title='bbox 938 4576 971 4634; x_wconf 91' lang='lat' dir='ltr'><strong>et</strong></span> <span class='ocrx_word' id='word_1_266' title='bbox 991 4571 1121 4653; x_wconf 87' lang='grc' dir='ltr'>κρατέω)</span> <span class='ocrx_word' id='word_1_267' title='bbox 1150 4571 1181 4652; x_wconf 84' lang='grc'><strong>3,</strong></span> <span class='ocrx_word' id='word_1_268' title='bbox 1197 4571 1275 4636; x_wconf 67' lang='lat'><strong>205</strong></span> <span class='ocrx_word' id='word_1_269' title='bbox 1290 4591 1416 4653; x_wconf 84' lang='grc' dir='ltr'>στρατο-</span> 
     </span>
     <span class='ocr_line' id='line_1_38' title="bbox 190 4679 724 4762; baseline 0.002 -25"><span class='ocrx_word' id='word_1_270' title='bbox 190 4679 299 4759; x_wconf 83' lang='grc' dir='ltr'>κράται</span> <span class='ocrx_word' id='word_1_271' title='bbox 324 4681 355 4754; x_wconf 87' lang='lat' dir='ltr'><strong>(e</strong></span> <span class='ocrx_word' id='word_1_272' title='bbox 379 4682 506 4762; x_wconf 88' lang='grc' dir='ltr'>στρατός</span> <span class='ocrx_word' id='word_1_273' title='bbox 530 4682 562 4742; x_wconf 85' lang='lat' dir='ltr'><strong>et</strong></span> <span class='ocrx_word' id='word_1_274' title='bbox 584 4681 724 4761; x_wconf 86' lang='grc' dir='ltr'>κρατέω).</span> 
     </span>
    </p>
   </div>
   <div class='ocr_carea' id='block_1_8' title="bbox 0 0 1734 5200">
    <p class='ocr_par' dir='ltr' id='par_1_13' title="bbox 0 0 1734 5200">
     <span class='ocr_line' id='line_1_39' title="bbox 0 0 1734 5200; baseline 0 2"><span class='ocrx_word' id='word_1_275' title='bbox 0 0 1734 5200; x_wconf 95' lang='lat' dir='ltr'><strong> </strong></span> 
     </span>
    </p>
   </div>
  </div>
 </body>
</html>
