3459 5200
920 378 964 442 22

225 598 237 627 ι
324 570 411 635 ἐστόν
434 589 487 636 res
511 568 642 653 quidem
677 570 759 653 (soil.
785 570 961 656 descriptio
990 592 1144 655 equorum
1166 572 1381 653 unicornium)
1406 594 1425 639 e
1446 574 1559 659 Mega·

326 674 440 741 sthene
463 674 591 761 hausta,
614 678 714 743 rerba
738 685 845 743 antem
870 679 943 763 ipsa
965 678 1103 745 Aeliano
1127 682 1207 764 (περὶ
1224 684 1306 764 ζῴων
1328 680 1408 747 XVI
1422 682 1477 763 20)
1500 682 1560 747 tri-

326 781 457 849 buenda
480 782 639 849 videntur.

415 889 522 955 Verba
545 910 630 974 quae
645 912 663 957 e
679 890 839 957 Cratero
855 890 1071 977 Harpocratio
1087 892 1221 977 protulit
1237 894 1366 977 (fragm.
1381 895 1425 959 IV
1441 895 1560 961 Iluller

323 996 356 1063 II
378 1018 410 1080 p.
426 998 589 1077 618o37)
613 996 769 1083 Κράτεμος
796 1008 865 1081 γοῦν
892 998 923 1063 ἐν
948 1011 992 1083 τῷ
1020 998 1045 1063 δ’
1067 1011 1127 1066 τῶν
1150 1005 1349 1088 ψηφισμάτων
1371 1006 1475 1087 φησίν·
1501 1001 1560 1068 ἐὰν

324 1104 356 1169 δὲ
379 1126 425 1176 τις
447 1103 479 1177 ἐξ
503 1103 614 1193 ἀμφοῖν
638 1104 729 1177 ξένοιν
753 1111 883 1189 γεγονὼς
905 1111 1062 1193 φρατρῖῖρ,
1085 1127 1150 1173 nou
1167 1107 1303 1190 Crateri,
1327 1107 1387 1173 sed
1409 1108 1560 1193 psephis-

325 1211 422 1276 matis
453 1212 574 1278 vetusti
603 1219 690 1296 sunt,
724 1219 757 1277 ot
784 1213 885 1278 verba
911 1212 1130 1279 Polemonis
1159 1212 1320 1279 Iliensis
1348 1214 1461 1298 fragm.
1483 1219 1558 1282 'Iba

326 1316 453 1398 (Muller
476 1318 524 1382 III
546 1339 578 1404 p.
602 1320 691 1385 137e
708 1322 761 1400 17)
790 1316 937 1407 Πολέμων
966 1321 998 1384 δὲ
1020 1324 1073 1384 καὶ
1095 1318 1126 1384 ἐν
1148 1322 1222 1404 τῷδε
1245 1333 1286 1405 τῷ
1308 1326 1385 1405 πρὸς
1407 1318 1559 1393 Ἀλεξαν-

327 1424 429 1512 δρίδην
461 1429 516 1511 τὴν
545 1430 597 1511 μὲν
623 1435 682 1490 τοῖν
709 1427 789 1491 δυοῖν
816 1426 953 1512 ἀστέροιν
980 1428 1149 1514 ἐπιφάνειαν
1176 1436 1234 1493 τῶν
1266 1426 1453 1513 Διοσκοδρων
1479 1428 1561 1493 ἀνιο-

325 1534 517 1617 μολογῆ-σθαι
544 1551 608 1596 non
636 1551 657 1595 a
684 1531 860 1599 Polemone
892 1532 978 1618 ipso,
1009 1554 1120 1599 verum
1151 1553 1173 1597 a
1201 1531 1379 1600 scholiasta
1411 1534 1454 1599 ad
1480 1535 1558 1603 Eur.

327 1636 382 1706 Or.
392 1640 476 1705 1637
494 1646 652 1723 concepta
663 1659 737 1705 esso
748 1638 909 1724 ridentur,
923 1639 983 1705 sed
992 1641 1121 1705 omnino
1134 1640 1167 1704 in
1179 1640 1310 1726 optimis
1318 1636 1415 1706 libris
1424 1641 1560 1723 (Medic.

285 1805 288 1809 .
328 1745 425 1813 Taur.
446 1744 520 1810 Vct.
545 1746 633 1829 Par.)
656 1758 720 1811 τῶν
744 1749 824 1811 δυοῖν
846 1747 989 1833 ἀστέρων
1012 1748 1132 1831 legitur
1155 1748 1207 1824 (cf.
1230 1746 1281 1815 ed.
1306 1747 1505 1832 Schwartz).

414 1852 481 1917 Iam
507 1872 608 1937 pergo
632 1852 676 1918 ad
698 1853 879 1939 Polybium.

749 1982 833 2059 §11
881 1980 937 2046 De
960 1980 1132 2065 Polybio.

413 2083 508 2169 Apud
532 2085 736 2169 Polybium
759 2084 841 2151 haec
865 2085 972 2151 dualis
996 2089 1119 2153 numeri
1142 2088 1292 2173 exempla
1315 2096 1462 2154 exstant:

506 2192 532 2275 I,
557 2193 610 2276 46,
635 2195 654 2257 9
679 2191 718 2265 ,ἐξ
742 2192 851 2280 ἀμφοῖν
874 2204 936 2260 τοῖν
960 2205 1057 2281 μεροῖν

493 2298 534 2383 Π,
560 2301 612 2383 29,
636 2302 657 2365 2
685 2298 716 2371 ἒξ
741 2299 850 2388 ἀμφοῖν
872 2311 933 2366 τοῖν
957 2313 1058 2385 μεροῖν

562 2407 615 2490 69,
639 2408 659 2471 2
688 2402 725 2472 δι’
750 2405 860 2495 ἀμφοῖν
883 2417 944 2473 τοῖν
966 2419 1074 2495 μηροῖν

479 2511 538 2596 ΙΙΙ,
562 2512 615 2596 55,
638 2514 659 2579 9
687 2512 719 2585 ἐξ
742 2510 851 2602 ἀμφοῖν
876 2524 937 2579 τοῖν
960 2524 1060 2602 μεροῖν

562 2621 613 2704 73,
637 2621 657 2685 6
686 2616 738 2686 ἀπ’
763 2621 872 2709 ἀμφοῖν
896 2632 957 2686 τοῖν
978 2627 1120 2707 αεράτοιν

478 2725 534 2810 VI,
559 2729 612 2811 23,
637 2730 655 2793 7
683 2727 715 2800 ἐξ
740 2726 848 2816 ἀμφοῖν
872 2739 933 2794 τοῖν
956 2740 1057 2814 μεροῖν

492 2833 533 2918 Χ,
561 2835 611 2918 12,
635 2838 654 2901 6
684 2835 743 2898 ἀπὸ
768 2837 845 2900 δυεῖν
869 2838 998 2901 σταδίοιν
1023 2837 1162 2916 (σταδίων
1187 2834 1349 2918 Dindorf.)

459 2939 533 3024 XII,
560 2942 610 3026 10,
634 2943 654 3007 6
684 2942 792 3029 ἀμφοῖν
815 2953 876 3008 τοῖν
899 2953 999 3029 χεροῖν
1024 2945 1096 3022 (τοῖν
1119 2943 1145 3005 F
1167 2953 1230 3007 ταῖν
1251 2943 1278 3007 Ρ
1302 2941 1404 3020 Suid.)

467 3046 554 3131 XVI,
579 3049 609 3132 3,
633 3049 653 3113 6
681 3048 713 3121 ἐξ
737 3048 846 3136 ἀμφοῖν
869 3059 931 3114 τοῖν
954 3060 1055 3136 μεροῖν

540 3157 592 3238 29,
618 3157 659 3221 13
687 3155 718 3228 ἐξ
742 3155 853 3244 ἀμφοῖν
876 3167 935 3221 τοῖν
959 3167 1058 3244 μεροῖν

412 3262 532 3346 XVIII,
557 3265 611 3347 29,
636 3264 657 3329 3
685 3263 795 3351 μεταξὺ
818 3274 881 3329 τοῖν
903 3275 1001 3351 χεροῖν
1026 3267 1100 3346 (τοῖν
1122 3263 1181 3328 PK
1204 3275 1268 3329 ταῖν
1291 3264 1396 3346 Suid.)

637 3373 659 3436 4
687 3367 724 3436 δι’
750 3371 859 3459 ἀμφοῖν
881 3382 944 3437 τοῖν
966 3381 1069 3458 χεροῖν
1093 3374 1168 3452 (τοῖν
1191 3371 1249 3436 I'K
1272 3383 1338 3438 ταῖν
1361 3370 1468 3452 Suid.)

430 3475 537 3561 XXII,
564 3477 616 3561 20,
639 3478 660 3544 6
688 3478 720 3550 ἐξ
744 3477 853 3566 ἀμφοῖν
877 3489 939 3544 τοῖν
962 3489 1062 3565 χεροῖν
1086 3482 1160 3561 (τοῖν
1183 3478 1210 3542 Ρ
1233 3489 1298 3543 ταῖν
1322 3477 1426 3559 Suis.)

412 3583 504 3666 frgm.
529 3583 591 3650 ino.
616 3587 659 3651 96
689 3584 720 3657 ἐξ
744 3586 854 3674 ἀμφοῖν
877 3596 938 3651 τοῖν
962 3596 1060 3673 μεροῖν

594 3693 658 3756 114
686 3691 717 3764 ἐξ
741 3691 918 3781 ἀμφοτέροιν
942 3704 1001 3758 τοῖν
1023 3703 1137 3779 μεροῖν.

416 3797 600 3880 Ambigitur
628 3796 669 3863 de
701 3798 747 3883 X,
774 3802 875 3884 12,6
908 3800 968 3865 ἀπὸ
1001 3801 1076 3864 δυεῖν
1108 3799 1254 3876 σταδίοιν,
1286 3799 1341 3865 ubi
1368 3796 1559 3865 Dindorfius

325 3905 454 3970 σταδίων
488 3903 693 3970 scribendum
730 3925 803 3971 esse
840 3907 974 3974 censuit.
1030 3907 1143 3989 Neque
1177 3905 1293 3972 desunt
1329 3925 1464 3990 causae,
1501 3925 1558 3970 cur

323 4011 484 4098 pluralem
513 4011 724 4094 requiramus.
776 4012 859 4078 Nam
892 4013 1062 4097 Polybium
1087 4015 1163 4078 δυεῖν
1188 4011 1291 4077 forma
1313 4031 1442 4096 semper
1463 4033 1557 4078 usum

323 4139 414 4204 esse,
441 4138 506 4183 non
530 4121 608 4184 δυοῖν
631 4119 729 4204 paulo
754 4118 839 4184 infra
863 4119 1060 4185 ostendetur.
1107 4122 1185 4184 δυεῖν
1208 4127 1316 4184 autem
1340 4118 1470 4184 dualem
1492 4119 1558 4183 vim

321 4225 491 4313 paululum
516 4226 646 4292 exuisse
670 4226 734 4291 iam
759 4245 858 4311 supra
882 4229 925 4311 (ρ.
952 4230 1002 4294 13,
1029 4228 1083 4306 15)
1112 4225 1252 4292 vidimus
1280 4233 1313 4293 et
1339 4226 1402 4292 hac
1424 4246 1461 4292 re
1483 4245 1556 4292 con-

322 4333 479 4418 firmatur,
516 4332 602 4417 quod
630 4332 778 4398 omnibus
806 4332 937 4418 Polybii
967 4332 1049 4398 locis
1082 4352 1163 4416 quos
1190 4333 1274 4397 inira
1302 4333 1453 4416 congessi
1485 4353 1557 4398 cum

320 4440 441 4528 plurali
460 4441 664 4506 coniunctum
680 4446 741 4523 est,
765 4440 920 4522 aquibus
933 4460 1030 4504 unum
1044 4439 1106 4505 boc
1129 4441 1206 4505 δυεῖν
1229 4439 1358 4506 σταδίοιν
1380 4439 1554 4506 recederet

323 4545 411 4624 Quin
436 4547 535 4612 etiam
558 4547 658 4632 paulo
683 4566 782 4632 snpra
796 4546 837 4624 X,
851 4549 934 4630 10‚6
954 4567 1091 4613 necnon
1105 4547 1160 4626 IV,
1175 4551 1229 4626 56,
1244 4551 1266 4614 ὁ
1290 4546 1405 4614 eadem
1420 4546 1556 4612 formula

324 4657 401 4718 δυεῖν
431 4656 554 4718 σταδίων
583 4653 750 4737 reperitur.
796 4652 906 4730 Quare
933 4653 985 4720 hic
1013 4675 1140 4738 quoque
1167 4655 1326 4740 pluralem
1353 4673 1554 4740 reponemus.
