3459 5200
707 553 745 616 bt

140 762 269 824 matum
305 759 504 825 divisionem
537 759 638 842 paulo
669 758 910 824 intricatiorem
939 763 973 824 et
1001 780 1021 824 a
1054 759 1162 825 solitis
1186 759 1304 825 studiis

139 864 358 928 remotiorem
391 864 518 946 putavit
553 883 655 946 quam
683 883 766 946 quae
794 863 944 928 tironum
967 863 1088 928 animis
1112 863 1304 928 necessario

138 970 232 1030 esset
265 966 440 1048 infigenda,
475 965 545 1031 sive
579 967 668 1049 quod
702 965 870 1032 enarratio
905 967 961 1030 illa
994 967 1098 1031 multo
1135 965 1305 1050 copiosior

136 1070 316 1135 ridebatur
339 1089 438 1152 quam
461 1089 545 1153 quae
568 1070 611 1134 ad
632 1090 787 1153 pressum
811 1069 988 1135 enchiridii
1011 1089 1201 1135 sermonem
1224 1090 1304 1153 qua-

136 1175 264 1251 draret‚
287 1173 550 1255 disputationem
573 1174 645 1257 πτρὶ
666 1171 838 1258 ποιήματος
860 1193 930 1238 non
951 1173 1061 1239 ultimi
1084 1173 1202 1256 capitis
1229 1174 1303 1238 loco

136 1277 327 1342 enchiridio
361 1277 512 1355 inseruit,
548 1276 608 1340 sed
642 1277 837 1359 appendicis
872 1276 947 1342 loco
981 1277 1143 1342 adiunxit.
1194 1277 1303 1342 Choe-

136 1381 275 1446 robosci
291 1379 507 1464 temporibus,
524 1399 600 1445 cum
616 1381 801 1445 carminum
817 1400 941 1462 genera
953 1380 1091 1445 minime
1107 1381 1303 1463 curarent‚¹)

136 1483 309 1567 appendix
342 1484 400 1549 illa
431 1503 570 1566 prorsus
603 1483 782 1565 peculiaris
817 1485 949 1548 libellus
984 1483 1073 1549 iacta
1106 1488 1187 1549 erat.
1236 1484 1303 1548 Re-

138 1592 313 1654 manserat
342 1607 420 1652 vero
448 1587 571 1652 vinculi
600 1587 777 1670 vestigium
807 1609 857 1667 eo,
888 1588 977 1671 quod
1000 1607 1133 1670 semper
1155 1587 1220 1671 ipsi
1242 1607 1302 1651 en·

137 1691 284 1756 chiridio
302 1691 434 1756 adnexa
454 1695 526 1766 erat
547 1691 612 1756 hoc
623 1689 693 1756 fere
705 1692 816 1771 modo,
830 1691 858 1756 si
871 1692 1025 1774 augurari
1036 1691 1123 1769 licet,
1142 1681 1304 1774 inscripta

137 1787 313 1860 rodaticus>
338 1791 561 1878 fucatorum
587 1796 658 1878 περὶ
678 1791 859 1880 ποιήματος.
908 1797 945 1860 ln
973 1796 1038 1861 hoc
1065 1795 1164 1878 igitur
1190 1794 1303 1859 libello

134 1899 344 1982 Hephaestio
375 1898 446 1980 ipse
469 1898 671 1962 antecedens
701 1899 924 1964 enchiridium
952 1903 1280 1964 commemoraverat.

224 2003 293 2068 lam
314 2002 486 2067 videamus
517 2001 652 2084 quinam
682 2003 929 2068 scholiastis
951 2003 1302 2087 Hephaestioneis

137 2107 211 2190 περὶ
232 2101 406 2190 ποιήματος
422 2105 553 2171 libellus
568 2109 703 2189 praesto
721 2107 828 2171 fuerit.
873 2108 1058 2189 Superesse
1074 2107 1203 2172 scholia
1218 2125 1302 2190 quae

136 2211 181 2275 ad
211 2209 399 2274 doctrinam
428 2210 498 2292 περὶ
526 2205 699 2294 ποιήματος
725 2209 899 2292 pertinent
927 2209 962 2273 in
992 2210 1127 2274 casola
1150 2209 1302 2274 codicum

138 2312 277 2391 familia,
307 2333 406 2396 quam
440 2313 553 2378 littera
578 2311 611 2376 B
643 2313 834 2395 significavi,
865 2313 900 2377 in
923 2333 988 2397 qua
1011 2313 1140 2378 scholia
1161 2313 1301 2395 singulis

140 2416 307 2500 capitibus
332 2417 492 2482 continuo
517 2437 673 2482 sermone
697 2417 821 2500 scripta
837 2417 945 2482 subici
961 2417 1082 2496 solent,
1107 2437 1208 2500 supra
1222 2416 1300 2481 diri.

135 2521 236 2586 Nulla
257 2521 292 2583 in
314 2539 355 2586 ea
378 2520 509 2586 scholia
531 2520 662 2585 adnexa
685 2525 763 2586 sunt
789 2520 894 2605 priori
922 2520 1162 2586 commentario
1193 2539 1300 2603 neque

135 2644 224 2707 quae
257 2625 399 2690 altemm
433 2629 617 2708 sequuntur
654 2626 743 2689 ultra
781 2625 1162 2708 epiphthegmaticorum
1196 2624 1300 2706 expli-

135 2729 305 2794 cationem
334 2727 508 2793 excedunt.
559 2727 837 2794 Consarcinatam
874 2748 951 2793 esse
979 2729 1068 2793 hanc
1096 2728 1301 2793 scholiorum

134 2832 371 2897 recensionem
405 2850 474 2896 non
509 2834 587 2897 ante
623 2832 785 2897 Manuelis
813 2833 1023 2915 Moschopuli
1057 2836 1202 2897 aetatem
1235 2833 1301 2896 iam

134 2954 240 3017 supra
274 2934 351 2999 dixi.
405 2933 578 2999 Contineri
609 2954 648 2997 ea
681 2936 902 3018 complurium
933 2934 1108 2999 hominum
1137 2934 1300 3018 interpre-

137 3040 288 3103 tamenta
316 3037 437 3101 diversi
464 3037 564 3119 pretii
602 3041 634 3102 et
667 3057 727 3119 per
761 3058 796 3101 se
827 3041 1092 3103 consentaneum
1121 3042 1173 3103 est
1199 3041 1232 3103 et
1260 3057 1300 3103 eo

139 3142 366 3219 confirmatur,
390 3140 479 3225 quod
503 3140 611 3205 eidem
635 3141 709 3205 loco
733 3160 803 3205 non
819 3161 895 3217 raro
912 3141 1101 3223 adscriptae
1122 3144 1201 3206 sunt
1216 3142 1299 3206 duae

134 3245 190 3309 vel
224 3244 325 3309 etiam
353 3247 423 3309 tres
457 3244 696 3326 explicationes
730 3264 854 3327 eaeque
884 3244 972 3309 inter
1000 3265 1037 3309 se
1059 3248 1299 3328 repugnantem

136 3349 179 3413 cl.
226 3367 258 3430 p.
298 3346 356 3411 XV
394 3347 558 3426 6-11,
595 3347 653 3411 XV
695 3349 874 3427 11-11,
912 3348 986 3413 XIX
1022 3350 1057 3413 11
1088 3348 1216 3413 -XX
1248 3351 1299 3426 ab,

131 3450 206 3516 Xlll
224 3449 378 3515 17—le
393 3451 445 3515 ul.
488 3451 526 3514 ln
541 3449 654 3515 multis
671 3450 808 3515 scholiis
824 3452 916 3516 nulla
930 3452 1046 3516 insunt
1057 3452 1122 3516 nisi
1146 3451 1220 3534 ipsa
1233 3453 1298 3517 He-

129 3552 345 3638 phaestionis
374 3553 476 3617 verba
503 3554 607 3619 libere
630 3554 935 3619 circumscribendo
964 3554 1096 3620 reddita
1117 3555 1299 3638 leviterque

132 3657 311 3739 explicata.
356 3657 443 3721 Sunt
457 3660 570 3721 tamen
595 3658 679 3721 etin
701 3658 776 3722 aliis
798 3659 897 3723 huius
913 3659 1121 3741 recensionis
1136 3660 1298 3741 partibus,

130 3766 166 3827 et
189 3760 225 3825 in
248 3779 289 3824 ea
310 3779 393 3843 quae
412 3760 455 3825 ad
477 3780 540 3825 nos
562 3760 707 3843 pertinet
729 3780 798 3825 non
819 3782 936 3844 pauca,
960 3782 1043 3845 quae
1065 3762 1190 3827 bonam
1219 3762 1298 3827 doc-

130 3866 258 3931 trinam
271 3863 484 3947 redoleant2)
517 3864 608 3929 velut
625 3884 708 3947 quae
725 3886 757 3948 p.
770 3864 841 3929 Xlll
858 3866 896 3930 13
909 3885 959 3949 sq.
977 3867 1018 3931 de
1036 3866 1194 3948 Margitae
1207 3886 1298 3931 com-

129 3968 303 4053 positione
315 3966 543 4051 releruntur.³)
581 3967 672 4047 Quae
688 3969 856 4035 undenam
873 3970 1017 4035 deducta
1033 3970 1100 4035 sint
1118 3969 1295 4053 quaeritur.

129 4159 336 4171 .—-——

221 4261 242 4331 ¹)
260 4260 355 4331 Neque
374 4261 584 4316 Choeroboscus
604 4262 772 4332 peculiarem
790 4264 869 4319 illum
886 4264 1012 4319 libellum
1034 4264 1231 4332 interpretatus
1254 4269 1297 4317 est

127 4366 225 4421 neque
239 4349 266 4403 in
280 4365 420 4418 quoquam
432 4350 616 4419 posteriorum
628 4354 794 4406 tractatuum
812 4351 989 4407 metricorum
1007 4367 1125 4419 usquam
1144 4351 1295 4406 carminum

128 4452 238 4508 genera
257 4436 433 4504 attinguntur.

219 4522 242 4593 ¹)
261 4522 295 4577 cf.
313 4522 551 4577 Hoerschelmann
570 4524 616 4578 GA
634 4525 684 4577 597
703 4540 744 4594 sq.

221 4610 242 4679 Ι)
262 4610 295 4665 ci.
314 4610 402 4664 Hillcr
420 4610 448 4664 in
467 4611 565 4665 Annal.
584 4612 651 4680 phil.
672 4612 721 4665 135
739 4611 827 4681 (1887)
845 4628 872 4680 p.
892 4612 925 4666 13
943 4628 1004 4681 sqq.
