3459 5200
915 379 958 444 38

323 573 495 661 ἀκειόμενον
517 576 533 649 Ε
556 575 647 659 383]ι
672 577 802 663 σόνηδες
829 576 860 639 δὲ
886 587 929 659 τῷ
955 585 1066 661 ποιηιῄ
1092 583 1146 640 τοῦ
1174 579 1283 661 μέτρου
1306 572 1394 640 ἕνεκα
1415 578 1565 661 χρῆσθαι

321 693 386 754 τοῖς
413 684 555 769 βραχέσιν
583 681 648 748 ἀντὶ
674 689 737 747 τῶν
767 688 891 770 μακρῶν
918 683 972 746 καὶ
997 691 1062 754 τοῖς
1089 691 1217 768 μακροῖς
1244 679 1309 747 άντὶ
1335 689 1394 746 τῶν
1417 683 1564 767 βραχέων

324 787 375 867 (ef.
400 788 566 872 Ludwich,
590 787 776 854 Aristarchs
798 787 1010 854 Homerische
1032 786 1221 854 Textkritih
1244 785 1276 851 11
1298 808 1332 872 p.
1358 784 1447 872 126).

412 893 445 960 h.
482 895 548 959 Alii
580 894 797 979 grammatici,
830 894 886 979 qni
918 893 1086 980 'lhyphoui
1118 892 1319 977 reliquisque
1355 913 1437 976 quos
1468 913 1561 960 com-

322 1002 497 1068 mcmorari
544 1001 764 1085 grammaticis
810 1001 952 1086 oppositi
996 1002 1039 1066 ab
1076 999 1247 1067 Eustathio
1289 1000 1317 1066 ot
1353 1001 1564 1086 &apsfflooepoa

324 1107 545 1194 appellantur,
586 1106 815 1194 productiones
856 1107 1018 1173 vocalium
1056 1107 1200 1174 brevium
1236 1105 1280 1172 ad
1316 1114 1424 1174 certas
1460 1108 1557 1190 leges

323 1215 475 1281 metricas
517 1222 764 1297 revocaremnt3
811 1213 990 1280 docuerunt
1031 1213 1117 1280 euim
1160 1214 1293 1300 saepius
1333 1215 1376 1279 ah
1413 1215 1563 1279 Homero

323 1321 455 1388 uocales
478 1322 593 1388 hreves
616 1321 792 1407 productas
820 1340 908 1405 esse,
940 1320 1027 1404 quod
1058 1329 1126 1386 tres
1154 1320 1220 1402 (vel
1247 1321 1321 1406 plus
1348 1339 1446 1405 quam
1472 1321 1558 1400 tres)

324 1428 472 1513 syllabae
509 1429 624 1494 breves
661 1427 833 1494 continuae
874 1426 1038 1513 dactylico
1080 1434 1183 1493 metro
1225 1447 1288 1492 uon
1326 1426 1558 1493 satisfacerent

325 1540 479 1622 (φευκτέον
503 1533 576 1601 εἶναι
600 1535 631 1601 έν
658 1537 828 1619 δακτυλικΐρ
855 1540 953 1621 μέτρῳ
980 1539 1013 1599 τὸ
1044 1536 1245 1620 παράλληλον
1273 1545 1332 1600 τῶν
1360 1545 1447 1619 τριῶν
1476 1536 1560 1619 βρα-

265 1719 267 1723 ,
325 1643 444 1729 χειων).
473 1641 725 1725 Antiquissimus
749 1642 990 1725 grammaticus,
1014 1641 1106 1706 cuius
1129 1641 1162 1705 in
1185 1639 1378 1724 fragmentis
1401 1660 1462 1706 nos
1483 1639 1562 1723 qui·

325 1746 398 1813 dem
422 1767 494 1813 eam
518 1767 583 1831 qua
606 1745 634 1812 οἱ
657 1747 857 1833 ἀκριβέστεροι
880 1747 931 1812 usi
954 1752 1028 1813 sunt
1050 1745 1224 1812 dictionem
1247 1746 1398 1832 legimus,
1414 1755 1464 1813 est
1477 1747 1558 1811 Phi-

325 1854 471 1937 loxenus,
493 1854 662 1939 Tryphoni
685 1860 793 1920 aetate
817 1854 965 1938 aequalis
988 1854 1041 1919 vel
1064 1854 1233 1939 suppar31)
1258 1851 1299 1920 of.
1315 1853 1445 1920 Orionis
1467 1853 1558 1919 The-

323 1962 402 2028 hani
435 1963 606 2046 etymolog.
641 1962 705 2045 (ed.
730 1962 837 2044 Stura)
870 1983 902 2048 p.
927 1964 981 2046 63,
1008 1965 1022 2028 l
1055 1981 1081 2027 s.
1106 1982 1135 2026 v.
1162 1961 1332 2044 ἐναλίγκιος
1363 1962 1449 2043 (coll.
1473 1959 1560 2026 EM.

325 2069 567 2153 337,20sqq.):
591 2073 675 2155 παρὰ
697 2072 730 2135 τδ
753 2067 824 2136 εἵκω
847 2073 880 2134 τὸ
904 2065 1012 2156 δμοιιῑι·
1035 2066 1137 2154 ὥσπερ
1160 2072 1245 2152 παρὰ
1266 2072 1302 2133 τδ
1316 2073 1423 2154 πόσσω
1436 2072 1561 2149 πάχιος,

325 2173 446 2263 ἁρμόζω
468 2173 621 2263 ἁρμόδιος,
644 2180 697 2242 καὶ
718 2179 803 2261 παρὰ
825 2179 858 2240 τό
882 2175 955 2241 εἴκω
977 2174 1080 2247 εἴκιος.
1115 2179 1169 2241 καὶ
1183 2172 1283 2260 ῶσπερ
1297 2179 1331 2241 τὸ
1345 2174 1461 2248 εἴκελος
1476 2173 1561 2240 ἄπο·

326 2284 433 2367 βάλλει
455 2288 490 2348 τό
514 2293 551 2345 Ε·

656 2369 804 2458 εἴκελοθ)
828 2369 979 2456 ἀστεροπῇ
1003 2369 1072 2450 <Ξ
1097 2372 1216 2455 386>,

325 2475 405 2544 οὕτω
427 2482 480 2544 καὶ
501 2480 585 2565 παρὰ
607 2482 641 2543 τό
665 2477 735 2544 εἴκω
757 2476 848 2551 εἴκιος
872 2476 997 2550 ἐνεὶκιος
1018 2480 1072 2542 καὶ
1093 2481 1186 2563 χωρὶς
1199 2485 1251 2542 τοῦ
1267 2485 1290 2538 Ε
1309 2481 1365 2542 καὶ
1381 2481 1564 2562 προσιόντος

324 2595 379 2653 τοῦ
402 2591 453 2646 hh
483 2589 537 2651 καὶ
558 2587 780 2661 πλεονάσαντος
803 2594 856 2651 τοῦ
885 2589 906 2643 Γ
934 2585 994 2651 διὰ
1021 2587 1065 2651 τὰ
1093 2583 1284 2672 ἐπάλληλα
1311 2585 1453 2671 βραχέα
1484 2582 1562 2649 ένα-

325 2693 447 2774 λίτκιος.
495 2690 658 2766 Φιλόξενος
682 2692 713 2757 ἐν
735 2704 776 2777 τῷ
798 2696 868 2777 περὶ
894 2690 1170 2778 άναδιπλασιασροῦ
1197 2697 1231 2757 et
1257 2689 1358 2757 schol.
1381 2690 1425 2755 ad
1447 2690 1465 2763 ξ
1486 2692 1561 2757 485

326 2800 438 2881 ἀγκῶνι
459 2798 564 2873 νόξας·
588 2800 605 2865 ὃ
628 2798 652 2863 δ’
676 2797 722 2884 ἄρ’
747 2797 940 2886 ἐμμαπέως
961 2795 1127 2865 ὑπάκουσεν
1151 2797 1237 2880 (coll.
1252 2796 1343 2864 Euat.
1358 2799 1434 2881 612,
1448 2794 1559 2883 43)⁸):

326 2912 457 2993 ταχέως,
489 2904 555 2992 ἅμα
585 2918 628 2991 τῷ
658 2907 747 2989 λόγῳ.
795 2902 876 2970 οὕτω
907 2907 940 2969 δὲ
972 2901 1138 2977 Φιλόξενος
1176 2908 1353 2991 σχηματίζει
1387 2908 1442 2989 ιην
1478 2902 1560 2976 λέξιν

325 3012 356 3078 έν
387 3015 514 3097 δευτέρῳ
550 3016 617 3096 περὶ
653 3012 884 3100 μονοσυλλόιβων
920 3008 1076 3098 ῥημάτων·
1112 3014 1194 3096 παρὰ
1224 3015 1259 3076 ιδ
1291 3013 1364 3086 έπος
1390 3015 1561 3096 παράγουσι

326 3122 473 3186 σι’)νδετον
496 3124 529 3184 τὸ
553 3117 673 3207 άμεπης
696 3117 738 3191 ὡς
760 3120 870 3207 ψεῦδος
893 3116 1038 3206 ἀψευδής·
1062 3116 1127 3183 εἶτα
1149 3118 1181 3191 ἐξ
1204 3115 1294 3184 αἰετοῦ
1316 3122 1482 3204 παρέχωσι
1499 3138 1559 3205 ρε-

326 3233 452 3313 σόιητος
474 3224 625 3314 ἐπίρρημα
649 3224 773 3313 άμεπῶς
794 3224 836 3300 ὡς
860 3224 996 3312 ἀψευδῶς
1017 3229 1071 3291 καὶ
1093 3221 1254 3311 ένἸωνιιιη
1270 3226 1401 3291 διαλόσει
1417 3224 1562 3312 άμεπέως

325 3333 369 3407 ὡς
391 3332 547 3420 ἀψευδέως.
593 3336 647 3398 καὶ
677 3330 739 3397 ἐπεὶ
765 3344 862 3417 τρεῖς
889 3335 1061 3421 βραχεῖαι
1088 3331 1365 3419 άλλεπάλληλοι
1392 3330 1431 3397 οὐ
1458 3337 1560 3398 συνί-

327 3461 486 3515 στανται,
509 3451 550 3524 τῷ
573 3440 783 3524 διπλασιασμῷ
804 3448 858 3505 τοῦ
887 3444 915 3497 Μ
943 3442 998 3505 καὶ
1025 3438 1305 3527 ἀντιπαραχωρησει
1331 3448 1385 3505 τοῦ
1408 3447 1433 3501 A
1455 3442 1509 3502 καὶ
1532 3444 1560 3500 Ε

326 3552 434 3627 γίνεται
456 3544 626 3633 ἐμμαπέως.
667 3543 813 3611 Eandem
838 3543 1013 3612 dictionem
1036 3546 1206 3631 usurpavit
1220 3546 1319 3612 etiam
1334 3544 1560 3627 Herodianus3

327 3652 368 3719 cf.
392 3651 508 3737 1521,
533 3655 575 3719 24
602 3680 637 3707 ==
664 3650 1081 3736 1115‚28(od.Lentz):
1115 3657 1148 3718 τὸ
1172 3660 1197 3715 A
1220 3650 1240 3739 ἡ
1264 3658 1405 3740 στέρησις
1432 3654 1560 3717 συστέλ-

327 3762 437 3826 λεσθαι
458 3760 555 3825 θέλει·
580 3756 708 3845 ἄκακος,
732 3758 870 3847 ἄσεμνος,
893 3758 1015 3848 ἄφιλος·
1039 3763 1074 3825 τό
1092 3762 1151 3845 γὰρ
1166 3757 1320 3831 ἀθάνατος
1331 3762 1385 3825 καὶ
1400 3757 1563 3846 ἀκάματος

326 3866 515 3940 ἐξέτειναντδ
536 3874 560 3929 Α
584 3868 642 3933 διὰ
664 3871 728 3939 τὰς
750 3867 984 3954 έπαλληλους
1006 3872 1188 3952 τέσσαρας
1210 3865 1401 3955 βραχείας,
1425 3864 1562 3941 αἵτινες

327 3972 456 4039 ἄδετοι
478 3971 564 4039 εἰσιν
589 3970 642 4047 εὶς
663 3972 823 4061 ἡρωϊκὸν
847 3979 985 4061 μέτρον.

420 4114 439 4183 ¹)
458 4114 640 4171 Philoxenum
649 4114 770 4185 Augusti
782 4118 812 4171 et
821 4115 926 4171 Tiberii
939 4114 1110 4185 temporibus
1123 4115 1228 4169 Βωωιιο
1241 4116 1331 4169 artem
1342 4113 1560 4183 grammaticam

327 4202 479 4273 professum
496 4220 554 4259 esse
573 4202 668 4259 docuit
685 4203 819 4259 Henrious
837 4204 935 4268 Kleist,
960 4204 994 4258 de
1017 4202 1163 4258 Philoxeni
1180 4202 1358 4273 grammatici
1375 4202 1561 4260 Alexmduini

327 4292 426 4347 studiis
445 4292 636 4363 etymologicis
655 4291 870 4362 (Gryphiswald.
890 4293 970 4360 1865)
988 4310 1015 4362 p.
1034 4294 1061 4349 9.

420 4379 440 4449 'l
459 4382 578 4436 Laroher
595 4380 746 4453 legendum
763 4381 920 4451 proposuit:
938 4376 1036 4447 ῖιιιλον;
1055 4380 1103 4436 sed
1121 4380 1183 4436 coll.
1203 4378 1265 4435 EM
1283 4380 1345 4445 337,
1364 4379 1401 4437 20
1419 4397 1478 4449 sqq.
1498 4382 1562 4437 reri

327 4470 445 4527 similius
464 4473 507 4526 est
525 4474 588 4541 post
605 4486 713 4526 remum
733 4466 817 4525 8386
836 4469 972 4527 excidisse
988 4488 1098 4525 versum
1117 4464 1563 4539 δδέθιῷδἿιιελοςΤρόκονκτλ

419 4557 441 4624 ¹)
460 4559 500 4614 Cf.
528 4558 715 4615 Herodianum
741 4560 796 4614 vol.
823 4559 850 4614 ΙΙ
878 4560 939 4625 387,
967 4560 1015 4624 δός
1042 4556 1184 4629 παράγουσι
1210 4558 1305 4623 Ienta,
1330 4556 1453 4628 γράφωσι
1479 4558 1564 4615 codd.

327 4651 446 4716 utroque
463 4648 531 4703 loeo.
633 4676 636 4683 ¹
