3459 5200
1020 526 1062 596 ct

939 619 1141 629 ---.---

461 737 590 806 duabus
613 738 764 823 partibus
789 739 961 805 deminuta
989 739 1132 805 similem
1155 739 1190 804 in
1213 737 1350 804 modum
1377 757 1482 805 unum
1504 755 1624 822 corpus

460 845 664 910 constituere
686 845 855 909 videretur
878 848 978 926 atque
994 863 1130 909 carmen
1150 844 1286 926 aliquod
1301 844 1625 927 monostrophicum,

459 969 577 1032 parum
601 949 684 1013 scite
707 948 856 1030 singulas
881 949 952 1012 eius
975 951 1089 1030 partes
1111 947 1156 1012 ad
1170 948 1358 1012 carminum
1372 947 1625 1028 monostrophi-

460 1071 574 1118 corum
598 1052 852 1117 similitudinem
869 1050 1010 1133 singulis
1024 1051 1246 1134 paragraphis
1261 1051 1426 1130 distinxit,
1441 1049 1508 1115 nisi
1524 1051 1626 1132 quod,

457 1155 513 1219 ubi
536 1152 571 1218 τὸ
588 1152 787 1238 ἀντίστροφον
802 1154 857 1218 τοῦ
873 1151 985 1239 μέλους
1008 1158 1040 1219 et
1061 1153 1097 1218 τὸ
1120 1151 1332 1239 ἀντεπίρρημα
1353 1155 1524 1233 adessent,
1547 1158 1627 1236 post

463 1258 652 1340 epirrhema
681 1260 714 1322 et
740 1256 991 1340 antepirrhema
1020 1256 1110 1322 notis
1140 1257 1357 1322 indicandum
1383 1257 1511 1340 putarit
1540 1257 1626 1320 haec

460 1360 542 1424 κατὰ
566 1359 701 1444 regem
724 1360 983 1442 responsionem
1005 1361 1139 1425 hahere.

545 1481 736 1564 Simplicior
752 1485 824 1547 erat
839 1479 1014 1546 Heliodori
1037 1480 1166 1546 notatio
1190 1501 1291 1564 quam
1305 1480 1571 1564 Hephaestionis
1594 1479 1629 1543 in

460 1584 665 1650 carminibus
692 1583 776 1648 κατὰ
803 1583 941 1668 διὲχειαν
967 1581 1265 1668 ἀνταποδιδομένοις.
1308 1583 1512 1649 Heliodorus
1535 1584 1630 1646 enim

416 1706 419 1711 ·
458 1691 547 1755 hunc
576 1687 804 1771 respondendi
832 1687 971 1752 modum
1005 1707 1045 1752 eo
1078 1691 1210 1752 tantum
1242 1691 1382 1753 notasse
1413 1686 1556 1764 ridetur,
1592 1689 1630 1750 ut

460 1792 640 1874 posteriori
663 1791 855 1856 huiusmodi
884 1790 1043 1855 carminis
1071 1791 1159 1873 parti
1181 1791 1311 1855 ineunti
1335 1791 1493 1873 gemellas
1516 1787 1631 1871 diplas

459 1915 505 1960 sc.
534 1893 592 1972 ἔξω
621 1893 796 1970 νενευκυίας
823 1894 1030 1977 appingeret,
1058 1913 1134 1959 cum
1162 1895 1198 1959 in
1225 1895 1339 1977 priore
1361 1898 1457 1977 parte
1479 1898 1631 1958 exeunte

460 2001 532 2064 sola
561 1999 649 2081 diple
678 2017 724 2063 sc.
756 1997 814 2076 ἔξω
827 1997 997 2092 ινενευκυίςι
1019 2002 1055 2063 ut
1078 1997 1292 2083 ἓτερομετρίας
1315 1998 1411 2080 signo
1434 1999 1601 2062 uteretur.
1609 1998 1632 2077 ¹)

461 2103 588 2168 Contra
609 2102 815 2185 Hephaestio
837 2101 944 2184 priori
964 2103 1052 2183 parti
1075 2102 1210 2167 exeunti
1230 2107 1405 2185 praeterea
1425 2100 1540 2184 diplen
1566 2100 1634 2164 eos

458 2213 634 2272 νενευκυῐαν
656 2206 795 2283 addidit,
818 2209 855 2269 ut
877 2205 1080 2287 significaret
1102 2210 1258 2270 secutura
1279 2226 1355 2270 esse
1376 2225 1461 2288 quae
1482 2223 1635 2285 respon-

459 2310 569 2374 deant.
626 2308 787 2374 Similiter
823 2308 1024 2391 posterioris
1058 2309 1164 2390 partis
1200 2328 1270 2372 non
1310 2307 1443 2373 initium
1477 2309 1634 2389 propriis

460 2411 551 2477 notis
575 2411 743 2490 iustruxit,
767 2410 828 2476 sed
849 2411 886 2475 in
906 2411 973 2475 due
996 2410 1107 2493 diplae
1128 2409 1188 2488 ἔξω
1210 2409 1369 2496 νενευκυίᾳ
1395 2412 1536 2476 alteram
1572 2409 1636 2489 ἔξω
1690 2412 1691 2417 ’

456 2522 631 2579 venenantur
659 2513 791 2591 adiecit,
817 2518 854 2578 ut
877 2514 982 2596 ipsius
1009 2514 1121 2579 verbis
1148 2517 1235 2593 utar,
1263 2511 1315 2578 διὰ
1340 2512 1456 2578 τούτων
1483 2511 1628 2596 δηλούν·

356 2640 358 2647 ’
459 2640 519 2685 των
541 2616 629 2703 ἡμῶν
652 2616 697 2682 ὅτι
720 2616 974 2683 ἀνταποδέδοται.

546 2740 643 2822 Ergo,
666 2739 701 2803 id
724 2740 813 2822 quod
836 2740 888 2803 vel
909 2760 970 2821 per
993 2760 1030 2803 se
1053 2744 1318 2805 consentaneum
1341 2744 1402 2818 est,
1429 2738 1637 2804 universum

460 2846 616 2909 notarum
643 2862 741 2907 usum
774 2844 918 2907 eundem
952 2842 1057 2907 fuisse
1090 2843 1179 2925 apud
1206 2843 1493 2925 Hephaestionem
1524 2847 1640 2927 atque

460 2948 548 3029 apud
570 2945 789 3011 Heliodorum
817 2951 850 3011 et
877 2965 1045 3029 perpauca
1071 2951 1202 3011 tantum
1224 2947 1267 3010 ab
1289 2946 1547 3029 Hephaestione
1573 2966 1640 3011 no·

459 3054 536 3114 vata
565 3070 640 3114 esse
669 3049 897 3131 cognovimus.
948 3048 1045 3127 Quod
1069 3050 1098 3114 si
1126 3054 1216 3115 recte
1239 3050 1445 3132 disputatum
1468 3053 1531 3127 est,
1567 3051 1642 3114 iam

461 3153 585 3219 corruit
629 3153 845 3235 praecipuum
889 3157 1137 3235 argumentum,
1183 3172 1248 3237 quo
1281 3152 1427 3217 Hensius
1467 3154 1510 3235 (p.
1560 3155 1643 3233 tall

459 3245 622 3322 adductus
662 3261 727 3334 est,
766 3261 802 3321 ut
844 3257 1063 3322 Heliodorum
1096 3257 1206 3340 primo
1238 3276 1271 3339 p.
1306 3256 1383 3321 Chr.
1418 3276 1451 3321 n.
1492 3258 1645 3322 saeculo

459 3360 570 3424 medio
594 3361 626 3424 h.
651 3380 677 3424 e.
702 3360 811 3424 eidem
833 3360 945 3440 aetati,
975 3380 1060 3443 quae
1088 3360 1243 3425 Caesium
1277 3360 1420 3425 Bassum
1447 3360 1537 3442 tulit,
1576 3364 1649 3426 tri·

459 3462 617 3546 hueret.²)

531 3704 550 3775 ¹)
570 3704 603 3758 cl.
614 3702 700 3757 schol.
711 3704 775 3758 Pac.
785 3704 844 3758 473.
877 3704 907 3758 In
918 3704 1006 3758 schol.
1019 3703 1069 3773 Eq.
1082 3704 1135 3758 orl
1146 3722 1196 3773 pro
1209 3707 1299 3758 διπλοῖ
1308 3709 1381 3759 recte
1394 3705 1449 3759 iam
1462 3704 1652 3761 Duebnerus

460 3791 570 3859 scripsit
583 3794 675 3859 διπλῆ;
692 3792 765 3845 idem
785 3792 961 3847 scribendum
976 3792 1064 3846 estin
1082 3792 1170 3847 schol.
1188 3793 1251 3847 Pac.
1268 3795 1319 3847 956
1336 3809 1386 3862 pro
1403 3792 1452 3845 δύο
1470 3796 1583 3851 διπλαῖ.

548 3878 569 3949 ¹)
588 3878 703 3933 Etiamsi
725 3880 797 3933 inter
821 3880 1018 3934 Heliodoream
1044 3879 1352 3949 Hephaestioneamque
1377 3886 1504 3935 notarum
1539 3888 1655 3938 metri-

461 3982 553 4021 carum
573 3966 712 4021 doctrinas
735 3982 764 4019 re
782 3983 847 4021 vera
866 3983 916 4021 eae
934 3983 1005 4035 quas
1028 3966 1148 4021 Hensius
1171 3983 1234 4021 esse
1256 3968 1403 4021 affirmarit
1425 3968 1661 4036 discrepantiae

460 4054 634 4117 interessent,
662 4052 690 4107 id
718 4054 792 4121 quod
815 4054 936 4107 Hensius
965 4055 1000 4107 de
1017 4053 1160 4109 Heliodori
1187 4059 1277 4109 aetate
1296 4055 1399 4117 statuit,
1425 4054 1544 4110 minime
1574 4061 1661 4115 inde

461 4140 622 4195 alliceretur.
658 4140 753 4208 Neque
773 4158 806 4195 ex
824 4141 939 4209 reliquis
958 4158 1028 4210 quas
1046 4141 1138 4195 attulit
1156 4142 1308 4196 rationibus
1327 4144 1381 4197 hoc
1400 4142 1536 4210 colligere
1561 4146 1665 4204 licet.

461 4229 564 4282 Contra
581 4244 616 4281 ea
634 4232 803 4295 argumenta,
828 4228 931 4297 quihus
949 4229 1054 4283 Keilius
1072 4228 1267 4297 (Quaestiones
1286 4236 1437 4298 grammat,
1455 4230 1537 4298 Lips.
1559 4235 1665 4293 186⁰,

460 4333 486 4383 p.
501 4315 533 4369 ta
543 4314 616 4384 sqq.)
634 4320 662 4369 et
679 4315 867 4384 Westphalius
886 4316 992 4385 (Metrik
1009 4317 1037 4369 1²
1053 4334 1080 4385 p.
1098 4317 1159 4387 223)
1178 4318 1290 4372 adducti
1307 4322 1380 4381 sunt,
1397 4323 1428 4372 ut
1444 4318 1667 4380 Heliodorum.

461 4402 668 4470 Hephaestione
691 4418 748 4457 non
770 4402 857 4457 multo
886 4403 1071 4471 antiquiorem
1097 4404 1183 4458 fuisse
1210 4411 1367 4468 censerent,
1399 4421 1491 4473 neque
1520 4406 1669 4478 Lipsia-

460 4488 570 4558 (Aunal.
589 4490 656 4558 phil.
675 4492 706 4543 81
727 4508 753 4559 p.
773 4492 824 4544 609
842 4491 914 4561 sqq.)
933 4506 1024 4559 neque
1036 4491 1156 4546 Hensius
1168 4494 1367 4561 redarguerunt
1382 4499 1409 4547 et
1426 4493 1496 4547 milri
1516 4499 1670 4563 quidem

460 4575 599 4641 simultas,
626 4592 698 4645 quae
725 4579 796 4632 inter
821 4577 1003 4633 Heliodorum
1029 4584 1113 4647 atque
1135 4581 1368 4649 Hephaestionem
1396 4581 1589 4651 intercessit,
1632 4612 1672 4646 er
