3459 5200
921 414 965 479 30

328 616 356 695 1,
376 614 390 676 l
408 611 485 675 δυεῖν
501 609 733 693 ἀπαιτουμένων,
760 611 825 690 1,4
848 607 884 672 ἐκ
900 609 986 676 δυεῖν,
1013 608 1062 688 15,
1081 612 1116 671 11
1144 609 1219 671 δυεῖν
1233 609 1290 689 γὰρ
1309 610 1563 692 συνταττομένων,

328 716 429 782 dativi
454 718 531 781 doct:
558 718 609 799 32,
635 720 653 782 8
682 716 746 779 δυσὶ
769 718 891 793 πάθεσι,
917 715 970 790 39,
998 720 1013 778 1
1039 712 1072 778 ἐν
1096 715 1196 780 δυσὶν.
1211 764 1219 780 .
1233 763 1241 777 .
1254 719 1465 799 συντάγμασιν.

418 822 509 911 ἄμφω
541 841 669 906 quoque
696 821 855 886 vocabulo
884 827 999 886 auctor
1026 839 1104 886 usus
1134 826 1196 886 est:
1234 820 1264 897 8,
1294 822 1315 885 2
1347 818 1430 884 ταῦτ’
1460 817 1567 907 ἄμφω,

327 931 379 1014 24,
404 932 426 996 2
450 930 569 1016 ἀμφοῖν,
602 930 654 1005 38,
678 931 700 994 4
722 932 819 993 κοινὸν
844 926 966 1014 ἀμφοῖν.

654 1091 674 1169 8
698 1090 749 1155 20.
796 1088 850 1151 De
875 1086 1020 1152 (lebete
1043 1085 1238 1153 Thebano.

418 1212 576 1280 Cebetis
609 1212 712 1289 πίναξ,
750 1212 803 1296 qui
837 1210 983 1276 eiusdem
1017 1210 1085 1275 lere
1122 1210 1276 1295 temporis
1313 1209 1441 1275 ridetur
1482 1229 1570 1292 esse,

330 1340 435 1405 neque
459 1318 567 1385 dualis
592 1320 727 1384 sormam
750 1338 854 1401 neque
878 1317 971 1405 ἄμφω
993 1316 1185 1382 vocabulum
1208 1337 1313 1401 neque
1336 1318 1389 1383 δὶυ
1412 1315 1568 1382 vocabuli

330 1426 515 1511 genetivum
539 1427 591 1491 vel
616 1425 761 1491 dativum
784 1426 929 1510 praebet.

666 1571 686 1648 ἕ
711 1570 762 1636 21.
809 1567 864 1632 De
889 1566 1053 1632 Philone
1075 1566 1232 1632 Iudaeo.

419 1692 516 1780 Apud
540 1692 707 1759 Philonem
732 1692 792 1757 has
817 1691 1089 1776 deprehendimus
1112 1691 1228 1759 duales
1251 1690 1385 1758 formas:

311 1832 313 1837 ¹
377 1800 418 1867 de
442 1800 518 1885 opis.
542 1800 649 1865 mund.
673 1802 715 1865 37
743 1808 806 1865 τοῖν
829 1801 906 1864 δυοῖν
929 1800 1069 1864 διπλάσια

378 1907 419 1974 de
447 1906 621 1973 Abraham.
647 1908 691 1971 24
720 1916 779 1971 τοῖν
808 1908 839 1970 δὲ
866 1905 970 1972 ἄλλου
997 1908 1076 1972 δυοῖν
1108 1906 1189 1971 ὡσὰν
1221 1905 1473 1992 ἀπαυγαῖομὲνιυν
1508 1904 1570 1969 ἀπὸ

492 2016 594 2079 τουτου
619 2020 713 2078 σκιῶν
737 2020 812 2097 (τῶν
837 2010 862 2077 δ’
878 2011 979 2078 ἄλλων
1001 2014 1079 2079 δυοῖν
1103 2032 1181 2097 pars
1204 2011 1366 2097 librorum,
1390 2012 1424 2076 in
1448 2012 1569 2096 quibus

490 2119 635 2187 Linooln.
659 2139 684 2185 s.
708 2120 785 2199 ΧΠ)
1297 2188 1300 2193 ,

377 2227 445 2291 vita
467 2225 591 2311 Moysis
616 2226 662 2291 lIl
689 2228 730 2291 14
756 2226 824 2291 κατ’
848 2225 925 2299 εἶδος
948 2236 1010 2293 τοῖν
1033 2230 1114 2292 δυοῖν
1137 2224 1338 2313 ἡμισφαιρίου

378 2332 419 2399 de
442 2334 620 2399 circumcis,
645 2336 664 2399 2
693 2336 841 2419 σὐμβολον
864 2337 942 2399 δυοῖν
965 2344 1027 2399 τοῖν
1051 2334 1298 2413 ἀναγκαιοτάτου

379 2439 419 2506 de
443 2440 593 2506 mercede
616 2460 694 2508 mer.
721 2442 740 2505 2
768 2443 937 2505 σαλεὺουσα
959 2446 1002 2505 τὼ
1026 2439 1178 2529 ὀφθαλμὼ

288 2633 289 2636 ¹
376 2548 418 2614 de
442 2555 567 2634 septen.
597 2550 637 2615 18
666 2548 745 2614 δυοῖν
769 2546 945 2634 ἑβδομάδου

377 2654 418 2721 de
443 2655 534 2721 carit.
561 2660 576 2720 l
607 2659 705 2741 πατὴρ
727 2661 856 2738 γεγονὼς
880 2657 958 2721 δυοῖν
980 2654 1051 2721 υἱοῖν
1074 2653 1159 2736 (υἱοῖν
1182 2653 1275 2721 deest
1291 2655 1324 2720 in
1339 2654 1567 2739 antiquissimo

491 2762 572 2827 libro
600 2761 729 2827 Selden.
755 2782 842 2829 saec.
867 2761 911 2838 X)

378 2867 466 2953 quod
490 2887 573 2936 omn.
597 2869 688 2953 prob.
714 2867 766 2932 lib.
791 2871 811 2935 8
840 2867 921 2934 δυοῖν
945 2868 1039 2934 ὄντοιν
1062 2868 1202 2956 ἀδελφοῖν

376 2975 409 3040 in
432 2974 585 3040 Flaccum
610 2979 629 3042 8
657 2985 716 3040 τοῖν
739 2977 842 3040 ποδοῖν
865 2980 916 3041 τὸν
938 2973 1043 3060 ἕτερον

379 3081 421 3148 dc
444 3082 617 3166 incorrupt.
641 3081 782 3161 mundi¹)
811 3103 841 3168 p.
867 3085 919 3165 21,
942 3084 964 3146 3
986 3078 1058 3166 ὑπὲρ
1082 3085 1158 3148 δυοῖν
1181 3093 1244 3147 τοῖν
1269 3082 1511 3164 ἀναφκαιοτῖιταν

840 3190 893 3271 15,
920 3191 960 3254 l‘l
983 3192 1033 3256 τὸν
1057 3187 1159 3273 ἕτερον
1182 3199 1243 3255 τοῖν
1267 3191 1378 3255 ποδοῖν.

423 3297 472 3361 Ex
494 3294 546 3360 his
570 3295 669 3379 igitur
692 3295 773 3360 locis
797 3302 935 3380 apparet
958 3303 991 3360 et
1015 3294 1144 3361 dualem
1164 3297 1334 3362 verborum
1354 3304 1387 3362 et
1401 3295 1569 3361 nominum

334 3403 455 3468 formas
482 3403 516 3466 in
544 3426 591 3478 -α,
620 3427 664 3481 -ε,
693 3428 747 3478 -ει,
779 3427 842 3468 -αιν
873 3401 1001 3469 deesse.
1046 3403 1213 3485 Leguntur
1240 3403 1447 3470 aecusativus
1470 3404 1504 3468 in
1528 3427 1568 3467 a:

336 3516 376 3574 τὼ
400 3508 562 3596 ὀφθαλμόν,
588 3509 620 3573 in
644 3532 702 3576 -ου
727 3508 891 3574 secundae
915 3508 1032 3576 declin.

496 3623 602 3698 genet.
628 3616 730 3683 subet.
759 3614 965 3705 ἡμισφαιρίου,
990 3615 1071 3694 υἱοῖν,
1097 3617 1240 3704 ἀδελφοῖν

611 3723 729 3790 adiect.
758 3723 1003 3803 ἀναγκαιοτάτου
1028 3723 1087 3804 bis,

427 3882 447 3950 1)
470 3883 584 3937 Librum
607 3883 641 3936 de
663 3883 933 3951 incorruptibilitate
956 3883 1053 3936 mundi
1076 3884 1151 3937 inter
1173 3883 1309 3952 genuinos
1332 3883 1458 3938 Philonis
1482 3885 1570 3939 libnos

337 3973 429 4042 recepi
447 3976 600 4044 praeeunte
616 3971 764 4027 Cumontio
784 3971 924 4038 (Philonis
942 3971 976 4026 de
994 3976 1100 4027 aetern.
1119 3973 1217 4026 mnndi
1235 3973 1314 4037 liber,
1332 3973 1456 4029 Berolini
1476 3975 1568 4042 1891),

337 4079 420 4130 quem
448 4061 478 4115 in
505 4060 652 4115 laudandis
674 4059 741 4115 locis
765 4064 876 4114 secutus
900 4078 969 4114 sum.
1010 4061 1140 4115 Ceterum
1162 4062 1197 4117 de
1221 4062 1346 4116 Philonis
1368 4061 1436 4117 locis
1456 4062 1570 4118 dualem

335 4150 537 4214 exhibentibus,
557 4167 620 4204 oum
639 4150 818 4219 Mungeyanu
833 4153 862 4204 et
880 4149 1063 4203 Richteriana
1081 4149 1216 4206 editiones
1234 4153 1343 4205 textum
1361 4152 1506 4206 nonsatis
1524 4153 1568 4206 in·

336 4243 445 4311 tegrum
473 4239 633 4308 praebeant,
653 4237 806 4306 Leopoldus
839 4237 927 4300 Cohn,
957 4239 1002 4292 vir
1029 4239 1212 4304 doctissimus,
1245 4243 1275 4295 et
1303 4240 1340 4295 ab
1368 4241 1420 4295 hoc
1451 4245 1569 4312 rogatus

336 4329 438 4383 Paulus
471 4327 630 4381 Wendland
654 4345 763 4381 summa
789 4326 968 4382 humanitate
994 4328 1115 4396 quaein
1134 4327 1274 4384 codicibus
1296 4329 1430 4400 leguntur
1459 4347 1570 4385 mecum

337 4417 618 4472 communicaverunt.
655 4416 802 4470 Praeterea
825 4433 897 4484 qnae
921 4417 951 4470 in
971 4417 1149 4473 Constantini
1167 4418 1202 4472 de
1220 4417 1402 4473 lischcndorf
1424 4419 1568 4474 Philoneis

336 4507 418 4576 (Lips.
439 4504 529 4573 1868),
558 4507 588 4559 in
612 4505 710 4560 Oohnii
734 4505 855 4560 editione
878 4506 968 4560 libelli
987 4506 1020 4560 de
1039 4507 1149 4577 opificio
1168 4507 1265 4561 mundi
1289 4507 1387 4572 (Bresl.
1406 4507 1476 4578 phil.
1494 4509 1566 4563 Abu

333 4595 425 4661 IV,4,
446 4595 537 4663 1889),
565 4595 595 4649 in
622 4594 704 4650 Pauli
728 4593 889 4648 Wendland
911 4595 982 4650 libro
1007 4595 1077 4658 ,Neu
1100 4595 1249 4651 entdeclrto
1272 4597 1442 4666 Fragmenta
1466 4597 1568 4652 Philos‘

335 4684 444 4750 (Berlin
466 4685 544 4752 1891)
563 4683 752 4749 inveniuntur,
772 4683 801 4736 in
821 4702 915 4739 meum
934 4702 1014 4738 usum
1033 4685 1165 4740 converti.
