3459 5200
718 563 756 626 15

638 651 839 660 ——.—-

705 769 774 851 §a

156 921 203 989 De
225 920 445 1000 choorobosou
474 922 511 990 de
533 921 717 990 scholiastis
738 922 1004 1008 Hephaestionis,
1031 923 1069 990 de
1089 923 1204 992 Ioanne
1225 926 1320 1008 atquo

518 1043 626 1112 isaaco
648 1045 772 1112 raonis
794 1045 961 1113 iratribus.

245 1198 318 1262 Duo
346 1198 395 1262 illi
420 1201 663 1278 commentarii,
687 1200 743 1282 qui
766 1201 799 1264 iu
822 1200 918 1264 libris
940 1199 1220 1282 Hephaestioneis
1242 1205 1320 1283 post

160 1300 340 1366 enchiridii
375 1307 474 1386 caput
506 1304 576 1387 περὶ
603 1302 904 1388 πολυσχηματίστων
938 1302 1127 1368 absolutum
1155 1304 1323 1386 leguntur,

157 1403 287 1486 pariter
309 1408 342 1470 et
363 1405 457 1488 prior
480 1409 512 1469 et
533 1407 703 1489 posterior
726 1407 761 1470 in
784 1406 955 1471 codicibus
978 1407 1021 1470 ad
1035 1406 1321 1489 Hephaestionem

156 1510 329 1572 auctorem
375 1507 499 1574 diserte
538 1509 700 1588 revocati,
744 1509 861 1574 intima
902 1509 990 1573 inter
1033 1529 1069 1573 se
1107 1510 1321 1575 continentur

158 1611 371 1692 cognatione.
416 1611 549 1677 Etenim
573 1631 656 1695 quae
685 1611 854 1694 inpriore
877 1611 1112 1677 describuntur
1135 1613 1319 1677 carminum

156 1731 294 1796 genera,
324 1733 428 1797 aeque
458 1714 624 1796 disposita
653 1715 871 1797 similiterque
894 1713 1059 1779 illustrata
1081 1720 1256 1780 recurrunt
1278 1717 1320 1781 ad

155 1836 262 1882 unum
286 1817 398 1883 omnia
421 1819 455 1883 in
478 1819 594 1885 altero.
638 1818 777 1884 Accedit
798 1838 877 1884 vero
902 1819 936 1884 iu
959 1819 1023 1884 hoc
1046 1819 1227 1902 disputatio
1251 1842 1320 1886 non

156 1921 282 1998 brevis,
306 1921 357 1985 cui
380 1922 470 2004 quod
486 1921 689 2006 respondeat
705 1922 739 1987 in
755 1923 811 1986 illo
828 1941 897 1988 non
913 1921 1184 2004 deprehenditur.
1228 1922 1321 2002 Quae

158 2043 236 2088 cum
270 2023 313 2088 sit
347 2026 663 2091 commentariorum
692 2025 855 2104 condicio,
889 2013 959 2089 non
987 2024 1117 2090 efficere
1144 2031 1320 2111 utrumque

158 2128 438 2193 commentarium
461 2129 611 2194 eiusdem
645 2128 819 2194 enchiridii
852 2134 983 2210 partem
1016 2129 1231 2195 manifestum
1260 2135 1320 2197 est.

157 2231 269 2312 Atque
298 2251 401 2296 uuum
428 2232 494 2297 hoc
518 2233 627 2297 solum
654 2233 742 2296 inter
765 2251 882 2297 omnes
906 2232 1077 2297 convenit:
1101 2237 1247 2298 ceterum
1271 2234 1321 2299 di-

156 2333 355 2400 versissima
387 2336 496 2401 adhuc
531 2335 807 2400 circumferuntur
840 2335 972 2400 iudicia.
1028 2334 1092 2413 Qui
1124 2337 1252 2418 primus
1285 2338 1320 2401 ni

156 2436 258 2500 fallor
276 2438 365 2502 hanc
380 2439 611 2521 quaestionem
626 2439 735 2520 attigit
752 2438 926 2503 Cornelius
943 2437 984 2503 de
1000 2438 1102 2502 Pauw
1123 2439 1156 2502 in
1175 2439 1321 2506 editione

156 2539 202 2604 ab
224 2540 445 2622 1113331716
468 2542 620 2608 confecta
642 2561 674 2625 p.
698 2543 758 2607 167
774 2563 823 2625 sq.
845 2547 1022 2625 utrumque
1045 2545 1321 2609 commentarium

157 2643 202 2707 ah
219 2642 293 2725 ipso
308 2642 558 2725 Hephaestione
574 2646 745 2711 conditum
763 2666 837 2711 esse
860 2647 1000 2726 censuit,
1024 2645 1084 2710 sed
1098 2648 1321 2728 posteriorem

160 2766 204 2811 ex
238 2746 305 2810 alia
339 2747 515 2812 euchiridii
538 2750 685 2813 editione
707 2749 783 2814 ideo
806 2749 966 2828 additum,
1000 2749 1077 2831 quia
1109 2750 1203 2832 prior
1230 2770 1320 2816 com·

159 2849 313 2932 pluribus
336 2849 420 2914 locis
443 2853 590 2933 pessime
612 2852 731 2917 luisset
753 2852 898 2918 habitus.
951 2852 1209 2935 simplicissime
1237 2854 1321 2918 diffi-

159 2952 319 3017 cultatem
332 2952 477 3019 enodare
488 2953 594 3020 voluit
605 2954 823 3034 Gaislordius‚
842 2955 897 3038 qui
914 2954 951 3018 in
969 2954 1146 3019 enchiridii
1163 2956 1321 3022 editionis

160 3074 265 3137 supra
294 3056 456 3122 excitatae
484 3058 584 3123 roll
611 3078 643 3140 p.
675 3059 736 3122 114
764 3058 840 3123 adn.
869 3058 1016 3140 priorem
1045 3060 1321 3124 commentarium

158 3165 271 3225 totum
301 3180 341 3238 „a
369 3146 457 3225 mala
486 3160 716 3243 epitomatoris
746 3161 815 3226 sive
844 3162 1096 3243 interpolatoris
1130 3167 1251 3228 manu“
1281 3183 1321 3227 eu

158 3263 269 3329 altero
294 3268 485 3346 excerptum
508 3284 583 3330 esse
605 3264 790 3331 affirmavit.
835 3266 930 3330 Hanc
961 3264 1163 3331 sententiam
1185 3286 1205 3331 a
1227 3265 1322 3331 Gais-

159 3366 272 3432 lordio
310 3366 432 3431 iactam
471 3368 576 3449 magis
616 3388 715 3451 quam
738 3366 1003 3433 demonstratam
1034 3368 1207 3450 amplexus
1241 3368 1323 3433 Bar-

160 3469 296 3535 hamius
319 3470 467 3551 priorem
489 3470 766 3535 commentarium
789 3475 897 3535 totum
918 3471 961 3536 ab
983 3470 1159 3537 enchiridii
1175 3471 1322 3537 editione

159 3572 341 3654 seclusit.¹)
386 3572 512 3638 Contra
543 3574 711 3655 Augustus
733 3572 942 3657 Rossbach2)
974 3575 1198 3657 posteriorem
1231 3594 1321 3639 corn-

158 3675 364 3742 mentarium
404 3696 465 3758 pro
509 3676 632 3742 eximio
675 3676 820 3759 quodam
862 3676 1001 3741 maioris
1044 3678 1220 3743 enchiridii
1256 3678 1324 3741 He·

156 3779 383 3863 phaestionei‚
417 3779 506 3863 quod
537 3780 645 3845 tribus
678 3780 773 3845 libris
808 3780 997 3844 confectum
1036 3780 1140 3845 tuisse
1175 3781 1322 3846 Choero·

158 3885 287 3947 boscus
309 3904 340 3965 p.
365 3882 415 3963 35,
439 3884 479 3948 Al
502 3888 619 3949 auctor
642 3888 703 3963 est,
727 3883 913 3965 fragmento
937 3883 1063 3963 habuit,
1087 3904 1126 3947 ex
1143 3904 1207 3967 quo
1230 3885 1324 3968 prior

160 3986 425 4051 commentarius
460 3988 502 4052 ab
536 3987 787 4069 Hephaestione
821 3988 895 4069 ipso
933 3990 1108 4068 excerptus
1146 3993 1251 4067 esset,
1288 3993 1324 4052 ut

157 4091 317 4156 ultimum
352 4090 529 4155 enchiridii
562 4091 704 4155 minoris
729 4093 827 4173 caput
850 4090 1003 4155 efficeret.
1057 4090 1097 4155 In
1121 4110 1251 4155 summa
1273 4091 1321 4154 rei

253 4331 271 4400 ¹)
290 4331 350 4385 The
378 4330 568 4384 enhheiridiou
588 4331 619 4383 ol
633 4330 834 4385 Hehlaistiown
854 4372 860 4383 .
880 4371 912 4382 ..
940 4330 982 4383 ed.
1011 4330 1045 4397 hy
1072 4329 1122 4383 Th.
1150 4328 1179 4383 F.
1203 4328 1324 4383 Barham

158 4418 339 4489 (Cambridge
360 4418 436 4487 1813)
454 4434 481 4486 p.
502 4418 551 4471 113
570 4421 598 4471 et
615 4418 674 4471 loa.

251 4522 274 4592 ²)
293 4520 333 4575 De
359 4521 573 4590 Hephaestionis
600 4522 777 4575 Alexandrini
805 4520 896 4585 libris;
923 4537 987 4589 pars
1005 4520 1017 4573 I
1035 4520 1225 4589 (Vratislaviae
1250 4520 1326 4589 1857)

159 4635 189 4686 p.
219 4610 329 4667 14-19.
