3459 5200
727 341 770 406 55

218 530 250 597 S.
276 529 318 595 de
341 532 431 598 clem.
456 534 472 598 Ι
498 538 525 601 1.
542 536 576 598 5:
602 537 805 600 lior-icaunam
828 534 958 600 laudem
983 541 1015 600 et
1038 535 1117 599 nulii
1141 534 1248 600 adhuc
1270 536 1355 620 prin·

133 639 235 722 cipum
259 659 431 704 concessam
455 641 643 726 concupisti,
667 643 892 710 innocentiam.

216 765 252 828 T.
278 763 383 832 Germ.
408 767 461 832 34.
479 769 513 831 8:
548 766 616 830 eive
648 765 730 831 adiit
757 767 927 843 Herculeo,
967 787 1024 832 seu
1052 765 1210 850 quidquid
1237 766 1357 850 ubique

132 869 332 952 magnificum
357 877 414 955 est,
438 873 469 937 in
495 871 674 938 claritatem
700 873 769 940 eino
794 872 915 939 referre
938 876 1157 938 cooaoacioruc.

203 977 249 1081 8.
275 977 316 1042 de
341 979 406 1042 otio
432 979 493 1043 VII
518 983 552 1044 2:
577 978 633 1045 ille
657 981 778 1064 tertius,
808 981 935 1064 dequo
965 981 1049 1045 male
1077 980 1263 1046 existimare
1286 1003 1356 1046 coo·

131 1088 287 1132 cenninus.

215 1192 252 1258 T.
277 1191 385 1260 Germ.
410 1195 537 1262 37.10:
562 1193 674 1274 medio,
693 1203 755 1260 tom
779 1197 860 1277 Inopi
882 1198 950 1260 oeci
973 1193 1089 1278 spatio.

216 1298 248 1366 S.
275 1298 317 1364 de
341 1300 428 1368 brev.
452 1300 508 1365 vit.
534 1300 581 1364 ΙΙΙ
605 1303 641 1367 3:
666 1302 699 1366 in
724 1311 786 1368 tom
809 1305 897 1384 luipo
920 1324 1003 1366 occo.

215 1443 252 1509 T.
279 1443 386 1508 Germ.
409 1447 461 1510 46.
485 1446 520 1508 4:
545 1447 615 1509 cede
637 1467 674 1509 cc
696 1448 857 1510 domimiiic
882 1451 915 1510 ut
940 1443 1092 1509 Germani
1115 1450 1226 1526 agunt.

215 1551 247 1614 S.
267 1549 309 1616 de
323 1571 411 1634 prov.
427 1550 472 1615 IV
488 1553 541 1617 15:
576 1551 664 1616 nulla
687 1551 753 1616 illis
777 1559 833 1630 (sc.
851 1551 1035 1630 Germanic)
1058 1554 1212 1617 domicilio
1232 1550 1353 1616 nullae-

130 1677 189 1739 que
211 1660 301 1722 ccdoa
324 1664 407 1726 sunt.

636 1759 848 1820 Historiae.

216 1853 253 1920 T.
279 1853 363 1918 Hiat.
389 1854 404 1917 Ι
431 1858 457 1921 1.
474 1856 509 1918 3:
535 1853 608 1919 dum
633 1875 684 1920 res
707 1856 818 1940 populi
842 1855 977 1920 Romani
1001 1854 1261 1920 memorabantur
1283 1854 1354 1940 pari

130 1963 297 2044 eiopucotr'o
320 1983 356 2026 oc
379 1962 524 2026 libertate.

217 2067 249 2134 S.
275 2067 321 2132 ad
343 2068 442 2135 Marc.
468 2067 509 2133 de
532 2071 653 2135 consol.
669 2072 732 2136 14:
758 2068 785 2133 ui
803 2069 893 2134 illum
918 2075 975 2147 (sc.
993 2068 1186 2134 Cremutium
1201 2067 1354 2147 Cordum)

130 2174 275 2240 obduco
301 2195 353 2241 res
377 2175 607 2260 pulcherrimas
632 2177 664 2240 in
688 2175 884 2242 oblivionem
907 2175 1073 2253 coiectum.
1105 2179 1304 2260 eloquentiam
1328 2185 1357 2240 ct

131 2281 305 2364 libertatem,
330 2303 393 2347 non
418 2283 569 2352 emisses,

216 2427 253 2493 T.
280 2426 364 2492 Hiot.
388 2425 402 2489 I
426 2428 527 2493 3.10:
553 2425 766 2511 adprobatum
790 2435 840 2492 est
861 2449 926 2492 noo
947 2449 1013 2492 cccc
1031 2446 1129 2492 curae
1149 2426 1220 2492 deis
1235 2426 1354 2494 securi-

132 2539 226 2599 tatem
250 2539 405 2617 nostram,
429 2555 494 2599 ecee
517 2533 678 2601 ultionem.

218 2642 248 2707 S.
275 2642 335 2726 Ep.
361 2644 486 2709 9215:
521 2641 661 2725 aliquem
690 2643 722 2706 in
749 2643 900 2708 maximia
934 2651 966 2707 et
997 2640 1157 2707 continuio
1190 2640 1354 2705 doloribus

133 2770 191 2812 nrm
213 2771 281 2814 esso
304 2748 462 2831 miserum,
486 2772 551 2813 ecee
574 2750 671 2813 etiam
696 2749 835 2817 beatum.
860 2750 943 2817 conf.
967 2749 1025 2834 Ep.
1050 2753 1101 2814 32.
1117 2754 1153 2830 *λς
1179 2752 1231 2817 37,
1249 2751 1284 2829 3;
1313 2746 1354 2813 de

132 2854 177 2919 ira
201 2856 231 2920 ΙΙ
256 2862 288 2922 ὁ.
306 2861 339 2937 2;
365 2855 406 2921 de
430 2856 535 2922 benef.
561 2856 619 2919 VII
644 2860 694 2923 25.
710 2860 745 2935 2;
770 2857 828 2941 Ep.
852 2860 904 2923 67.
925 2860 979 2938 143
1004 2859 1055 2923 94.
1071 2859 1126 2923 41.

217 2998 255 3067 T.
288 2999 369 3066 Hiat.
403 2998 418 3061 Ι
449 3000 497 3065 15.
513 3001 569 3065 22:
594 3002 702 3082 sidem,
735 2999 927 3082 libertatem,
960 2998 1145 3081 amicitiam,
1177 2996 1354 3083 praecipua

130 3105 253 3170 lucumoni
277 3106 376 3171 animi
399 3108 486 3171 bono.

218 3212 251 3280 S.
278 3213 334 3297 Ep.
358 3216 410 3280 88.
427 3218 484 3279 29:
509 3216 592 3298 siden
612 3214 851 3281 sanctissimum
871 3216 998 3279 hornoro'
1011 3212 1153 3297 pectoris
1168 3214 1279 3277 omnm
1297 3218 1355 3276 est.

217 3358 256 3423 T.
283 3356 365 3422 Hist.
391 3358 404 3421 Ι
433 3362 481 3425 16.
498 3361 531 3424 l:
556 3338 592 3424 Si
614 3358 792 3424 inmensum
815 3358 943 3443 imperii
962 3377 1079 3441 corpus
1094 3365 1177 3423 aiore
1191 3376 1231 3421 ao
1244 3354 1355 3420 librari

132 3467 195 3527 cine
217 3471 342 3529 rectore
360 3473 475 3549 poscet.

220 3573 253 3638 S.
279 3569 532 3656 deprov.12:
558 3572 727 3637 ostendere
751 3591 813 3637 non
838 3575 907 3637 circe
930 3570 1039 3653 aliquo
1069 3569 1203 3635 custode
1230 3576 1355 3635 tantum

133 3696 211 3760 opus
234 3686 326 3743 sture.
355 3678 415 3763 Ep.
430 3681 482 3743 41.
498 3682 532 3743 5:
556 3700 618 3743 noo
636 3687 736 3763 potest
758 3699 810 3743 res
834 3684 925 3743 tanta
948 3681 1014 3741 cine
1037 3675 1232 3742 adminiculo
1256 3677 1356 3741 numi-

133 3783 181 3850 nis
204 3794 296 3851 stare.

220 3912 257 3977 T.
273 3912 354 3977 Hist.
371 3912 386 3974 Ι
406 3916 452 3979 18.
465 3916 519 3994 11;
545 3912 576 3977 S.
594 3911 636 3976 a'd
652 3910 742 3979 Helu.
760 3910 800 3975 de
816 3912 936 3977 consol.
951 3910 1045 3975 XVII
1056 3914 1089 3975 3:
1105 3914 1249 3995 ‹rotipuoa
1261 3912 1354 3991 tepor.

221 4057 258 4120 T.
282 4056 364 4122 Hist.
387 4058 402 4120 Ι
426 4059 478 4125 24.
495 4060 529 4122 8:
555 4056 638 4121 adeo
662 4059 817 4121 onirnoeus
841 4064 1011 4139 corruptor.

222 4164 253 4228 S.
277 4163 318 4229 de
342 4164 446 4231 benef.
472 4164 531 4228 VII
558 4167 607 4231 11.
628 4168 660 4230 l:
686 4184 781 4246 qnam
805 4164 924 4248 pusillo
947 4166 1050 4230 ooirno
1072 4162 1162 4227 ilium
1184 4167 1239 4225 ant
1258 4160 1355 4223 hono·

137 4288 204 4335 rare
227 4272 328 4336 voluit
351 4280 407 4337 aut
430 4274 641 4357 conrumpere!

222 4414 259 4480 T.
285 4414 367 4479 Hist.
391 4416 406 4479 Ι
430 4414 827 4500 29.1:sctipaoctaticni
851 4416 917 4479 iam
942 4413 1067 4498 imperii
1091 4415 1171 4476 deoc.

224 4521 253 4585 S.
277 4521 336 4606 Ep.
363 4526 414 4589 tii.
432 4524 465 4587 5:
505 4544 561 4608 per
594 4523 734 4588 maxima
762 4530 835 4587 acto
864 4522 932 4587 viro
967 4529 1060 4605 turpe
1093 4526 1142 4583 cst
1174 4520 1355 4584 etiamnunc

138 4626 206 4689 deoc
221 4633 367 4712 fcrtc'poro.
