3459 5200
723 440 763 504 15

131 635 205 718 qaid
222 637 262 697 cit
281 637 314 698 in
328 635 459 698 bominis
472 635 610 698 urbiimo.
635 633 860 718 Ep.1u.4--6:
885 635 981 699 Dicet
1004 634 1136 718 aliquis:
1164 634 1260 718 ,quid
1279 635 1357 700 mibi

129 739 264 825 prodest
286 738 502 824 philosophia,
527 741 554 806 si
571 746 676 825 fatum
701 741 772 806 est?
806 741 883 824 quid
911 740 1059 826 prodest,
1094 743 1121 808 si
1149 742 1230 808 deus
1254 750 1357 809 rector

130 849 205 912 est?
238 846 316 930 quid
348 845 495 932 prodest,
530 848 557 912 si
587 869 677 912 casae
704 847 862 932 imperat?
896 869 971 913 nam
999 857 1031 913 et
1054 852 1169 914 initiari
1191 857 1274 914 certo
1295 873 1358 914 aon

127 962 259 1038 poseant
283 961 314 1018 et
337 953 416 1016 nihil
439 955 629 1039 praeparari
648 960 756 1039 potest
780 955 938 1021 adversus
961 956 1092 1038 incerta,
1122 954 1182 1021 sed
1211 965 1267 1022 aut
1289 980 1357 1023 con-

129 1064 234 1126 silium
257 1084 357 1127 mairiu
381 1063 552 1147 occupavit
576 1063 657 1128 deus
682 1063 889 1147 decrevitque
913 1063 990 1148 quid
1019 1062 1172 1147 lacerem,
1205 1071 1262 1129 aut
1289 1087 1357 1130 ron-

130 1171 200 1234 eilio
232 1191 298 1234 ineo
331 1169 375 1233 nil
407 1169 535 1234 fortuna
567 1170 751 1254 permittit¹⁴
799 1170 953 1253 quicquid
990 1180 1040 1239 est
1077 1192 1118 1237 ex
1150 1171 1213 1256 his,
1245 1171 1358 1255 Lucili,

130 1275 184 1341 vel
208 1277 236 1341 si
260 1276 367 1341 omnia
392 1275 472 1341 haec
497 1283 579 1359 sunt,
602 1276 896 1361 philosophandum
921 1284 985 1343 est:
1011 1279 1080 1343 sive
1098 1297 1158 1344 nos
1176 1282 1360 1345 inenervabili

131 1385 194 1465 lepe
211 1389 284 1466 sato
308 1383 539 1467 constringunt,
565 1383 633 1448 sive
653 1384 773 1450 arbiter
796 1383 877 1449 deus
901 1384 1043 1450 universi
1066 1393 1182 1450 cuncta
1206 1384 1358 1471 disponit,

130 1490 201 1555 sive
224 1512 313 1556 casim
337 1509 389 1556 res
408 1489 565 1556 humanas
588 1491 658 1556 sinc
682 1489 794 1554 ordine
818 1490 944 1574 inpellit
967 1498 1000 1557 et
1018 1491 1128 1575 iactat,
1151 1491 1358 1577 philosophia

131 1617 191 1662 nos
226 1595 309 1662 tueri
339 1596 443 1662 debet.
476 1597 558 1662 haec
591 1581 827 1679 adhortabitur,
861 1605 896 1661 ut
928 1597 990 1662 deo
1017 1597 1154 1664 libenter
1176 1621 1358 1684 pareamus,

132 1705 281 1770 fortunae
314 1705 552 1771 contumaciter.
587 1704 669 1770 haec
699 1704 841 1788 docebit,
880 1712 915 1769 ut
948 1705 1043 1769 deum
1074 1707 1236 1789 sequaris,
1271 1708 1358 1773 feras

131 1831 254 1878 casum.
292 1810 362 1876 'sed
389 1831 451 1876 non
482 1819 532 1876 cst
559 1832 643 1877 nunc
670 1813 704 1876 in
731 1812 816 1876 hano
845 1811 1097 1896 disputationem
1119 1813 1358 1898 transeundum,

130 1921 207 2002 pisid
229 1921 270 1982 sit
292 1921 369 1982 iuris
392 1922 498 1999 nostri,
523 1919 550 1984 si
574 1918 779 2004 providentia
801 1919 834 1984 in
859 1920 993 2004 imperio
1013 1929 1072 2002 est,
1095 1927 1151 1985 aut
1172 1921 1199 1985 si
1216 1927 1359 2004 solmam

129 2029 226 2090 serico
258 2025 412 2108 inligatos
445 2025 556 2109 trahit,
590 2033 645 2091 aut
678 2026 707 2092 si
738 2027 908 2111 repentina
936 2047 977 2091 ac
1005 2027 1112 2092 subita
1140 2027 1357 2094 dominantur:

130 2132 188 2197 illo
212 2151 295 2197 nunc
318 2140 470 2216 revertor,
493 2140 529 2198 ut
553 2141 611 2199 eto.
639 2171 675 2183 -
703 2132 744 2198 de
768 2133 817 2198 ira
832 2133 862 2196 ll
878 2136 930 2200 22.
946 2139 979 2201 1:
1004 2133 1070 2199 Sed
1084 2135 1167 2202 haec
1181 2135 1224 2200 ad
1239 2136 1359 2202 liberos

132 2247 263 2306 nostros
286 2240 460 2325 pertinent:
485 2240 517 2304 in
540 2241 634 2306 nobis
658 2239 788 2323 quidem
810 2261 879 2306 coro
900 2243 1046 2308 maeuii
1069 2249 1101 2306 et
1127 2241 1276 2307 educatio
1300 2262 1360 2307 nec

131 2345 204 2410 vitii
228 2345 332 2411 locum
355 2367 415 2412 nco
439 2348 503 2411 iam
528 2348 695 2432 praecepti
722 2347 834 2413 habet:
869 2348 1038 2431 sequentia
1066 2348 1247 2414 ordinanda
1271 2358 1359 2431 sunt;

130 2453 192 2538 Ep.
210 2457 261 2519 79.
277 2457 329 2519 12:
353 2473 423 2518 cum
448 2454 608 2539 receperit
631 2455 770 2534 (animus
794 2457 917 2536 noster)
941 2455 1055 2538 locum,
1079 2476 1172 2538 quem
1189 2456 1360 2541 occupavit

132 2571 218 2627 sorte
239 2564 397 2644 noscenda
423 2561 464 2627 de
488 2563 553 2627 otio
578 2562 620 2626 IV
639 2566 673 2647 13
696 2562 754 2647 Ep.
782 2567 831 2630 ll.
849 2565 884 2629 6:
910 2561 1056 2629 condicio
1080 2562 1245 2631 nascendi.

223 2760 260 2825 Τ.
285 2759 365 2823 Anu.
390 2759 435 2823 VI
459 2764 511 2825 22.
531 2765 564 2825 l:
598 2758 663 2825 Sed
686 2758 765 2823 mihi
792 2758 875 2825 baec
906 2780 946 2824 ac
974 2760 1054 2825 talia
1081 2760 1226 2827 audienti
1253 2761 1286 2826 in
1313 2762 1360 2827 in-

130 2874 222 2931 certo
247 2865 399 2931 iudicium
423 2873 481 2949 est,
497 2872 569 2949 folo
588 2886 627 2931 ne
651 2886 704 2933 res
723 2866 907 2931 mortalium
930 2875 959 2931 ei
980 2871 1157 2933 ammeitme
1178 2871 1361 2933 immutabili

131 2994 176 3037 an
210 2971 293 3038 forte
325 2974 497 3038 volvantur
530 2974 587 3059 (l).
623 2974 742 3058 quippe
774 2974 1034 3057 sapientissimos
1066 2982 1209 3039 veterum
1242 2975 1360 3057 quique

132 3086 258 3145 sectam
283 3099 390 3145 eorum
419 3080 622 3146 aemulantur
650 3079 796 3147 diversos
828 3080 986 3165 reperias,
1017 3101 1057 3146 ac
1088 3081 1198 3146 multis
1229 3081 1360 3147 insitam

132 3186 319 3272 opinionem
343 3206 406 3252 non
430 3187 521 3251 initia
544 3188 659 3272 nostri,
682 3208 745 3253 non
773 3186 882 3270 finem,
914 3210 977 3253 aon
1003 3190 1133 3278 denique
1154 3191 1290 3254 homines
1312 3191 1360 3254 die

130 3316 227 3359 curae
241 3292 305 3381 (2);
329 3294 403 3359 ideo
428 3294 619 3361 creberrime
643 3294 751 3361 tristia
774 3294 807 3360 in
831 3294 942 3380 bonos,
966 3296 1054 3361 laeta
1074 3295 1163 3381 apud
1182 3295 1360 3362 deteriores

132 3420 218 3467 esse.
242 3408 355 3467 contra
378 3400 434 3465 alii
459 3398 561 3466 latum
585 3401 714 3486 quidem
738 3421 916 3484 congruere
939 3403 1035 3469 rebus
1058 3410 1186 3487 putant,
1214 3403 1359 3469 sednon

132 3529 151 3573 e
176 3507 271 3590 vagis
295 3507 408 3591 stellis,
436 3528 546 3574 verum
575 3508 661 3593 apud
685 3508 845 3593 principia
874 3516 907 3575 et
934 3529 1036 3575 nexus
1064 3509 1258 3575 naturalium
1286 3530 1359 3575 cau·

132 3635 243 3682 sarum
267 3612 331 3701 (3),
365 3635 404 3679 ao
432 3622 539 3679 tamen
568 3614 757 3681 electionem
790 3615 878 3683 vitae
910 3616 1003 3681 nobis
1035 3616 1230 3699 relinquunt,
1263 3637 1359 3699 quam

132 3722 190 3787 ubi
216 3720 362 3805 elegeris,
387 3729 509 3788 certum
532 3722 762 3788 imminentium
791 3721 945 3789 ordinem.
974 3744 1071 3807 cepoe
1096 3726 1179 3788 mala
1208 3726 1255 3788 vel
1281 3726 1360 3789 dorsa

132 3851 213 3913 qaue
235 3830 341 3911 culpus
358 3837 461 3912 patet:
486 3828 612 3913 multos,
635 3830 690 3912 qui
714 3829 890 3895 conflictari
914 3828 1062 3894 adversis
1081 3828 1260 3910 videantur,
1285 3833 1359 3896 bea-

132 3943 195 4020 tos,
219 3944 254 4000 at
272 3939 436 4022 plerosque
463 3958 648 4023 quampiam
677 3960 804 4021 muprsoo
827 3960 886 4021 pcr
913 3959 985 4022 opes
1012 3941 1203 4004 inicerrimos
1235 3943 1296 4019 (4),
1331 3940 1359 4005 si

131 4042 182 4107 illi
207 4063 339 4126 gravem
363 4043 523 4111 fortunam
548 4052 734 4111 constanter
756 4046 906 4129 tolerent,
935 4044 968 4109 hi
995 4065 1152 4130 prospera
1180 4046 1359 4112 inconsulte

133 4158 275 4216 utantur.
311 4158 452 4217 ceterum
484 4152 632 4237 plurimis
663 4152 845 4217 mortalium
879 4170 942 4217 non
975 4152 1126 4217 eximitur
1156 4157 1230 4237 qaia
1256 4157 1359 4238 primo

132 4260 279 4343 (uiasque
302 4267 372 4325 crta
394 4268 523 4325 canora
544 4262 733 4325 decimentur
760 4257 822 4345 (ὁ),
855 4258 915 4325 sed
947 4258 1107 4343 quaedam
1142 4280 1234 4325 secus
1263 4280 1359 4343 quam

133 4364 226 4430 dicta
250 4366 314 4431 sint
337 4366 463 4451 cadere,
488 4366 627 4432 fallaciis
651 4368 766 4451 ignara
790 4366 979 4431 dicentium:
1008 4367 1055 4432 ita
1082 4367 1240 4451 corrumpi
1263 4366 1360 4432 fidem

132 4542 282 4613 perditum,
297 4544 346 4611 qui
362 4544 563 4599 inscribebatur
579 4544 629 4611 „de
643 4546 727 4599 fato.“
748 4562 819 4613 quae
831 4545 990 4599 coniectura
1008 4543 1097 4613 magis
1115 4546 1359 4611 commendabitur,

132 4633 157 4687 si
177 4633 370 4702 conparaveriu
388 4638 447 4689 nat.
467 4637 573 4701 quaest.
589 4634 601 4687 l
619 4636 681 4689 nl:
701 4632 761 4689 urit
780 4634 856 4689 aliud
876 4634 956 4688 istius
974 4634 1015 4687 rei
1033 4636 1155 4702 tempus:
1174 4652 1256 4703 quem
1270 4637 1361 4690 locum

131 4722 208 4777 inira
227 4722 345 4777 laudavi.
