3459 5200
959 447 1001 507 88

393 672 517 736 genera
539 653 573 715 in
597 672 635 716 eo
660 652 764 716 luisse
788 656 953 728 enarrata,
981 670 1198 735 quaecunque
1221 651 1428 733 Hephaestio
1456 651 1562 728 norit,

393 762 451 822 aut
473 776 599 835 eorum,
630 775 714 836 quae
742 755 874 837 utrique
897 755 1021 819 luerint
1050 755 1256 832 communia,
1285 754 1429 820 eundem
1458 754 1564 819 fuisse

396 860 559 924 ordinem.
604 859 717 942 Neque
740 879 868 937 vereor,
893 879 934 922 ne
958 859 1032 942 quis
1056 863 1192 923 censeat
1210 859 1418 940 excerptoris
1433 858 1564 922 incuria

394 963 516 1028 mirum
540 963 574 1026 in
597 962 733 1026 modum
757 981 796 1026 ea
826 962 899 1044 ipsa
931 982 1055 1044 genera
1088 963 1216 1027 omissa
1248 966 1305 1026 aut
1333 966 1424 1026 recte
1450 966 1564 1026 trans-

394 1066 507 1147 posita
531 1086 615 1144 esse,
640 1085 723 1149 quae
746 1071 864 1148 postea
890 1067 941 1129 vel
970 1067 1085 1132 addita
1111 1067 1164 1130 vel
1194 1084 1371 1148 perperam
1400 1065 1566 1130 collocata

396 1188 471 1232 esse
493 1189 527 1233 re
551 1169 624 1251 ipsa
648 1169 845 1234 ostenditur.
891 1169 996 1234 lmmo
1020 1169 1292 1251 quandoquidem
1321 1189 1437 1233 eorum
1463 1187 1565 1250 gene·

396 1293 483 1350 rum,
522 1291 606 1354 quae
640 1273 784 1336 maxime
821 1274 999 1337 offensioni
1035 1277 1112 1337 sunt
1145 1273 1234 1355 apud
1266 1273 1565 1355 Hephaestionem,

398 1375 562 1456 originem
591 1375 687 1438 facile
718 1376 912 1458 expedimus
936 1397 977 1440 ex
999 1375 1157 1453 Aristide,
1180 1376 1278 1440 huius
1305 1376 1567 1457 explicationem

394 1498 457 1560 pro
480 1479 662 1543 vetustiore
692 1478 901 1543 habebimus.
957 1480 1017 1543 Cui
1049 1479 1236 1544 sententiae
1263 1479 1392 1562 aliquid
1419 1478 1567 1542 fortasse

395 1581 590 1646 adminiculi
624 1582 674 1645 vel
710 1602 749 1645 eo
778 1587 931 1664 paratur,
965 1583 1053 1666 qnod
1081 1587 1216 1665 praeter
1249 1582 1454 1646 locutionem
1481 1579 1567 1644 κατὰ

396 1682 502 1768 στίχον
535 1685 616 1748 satis
647 1686 759 1750 tritam
794 1691 886 1750 certa
913 1686 995 1752 artis
1022 1687 1187 1751 vocabula
1214 1686 1355 1768 singulis
1384 1685 1567 1767 generibus

397 1807 466 1852 non
489 1788 647 1854 induntur
670 1789 736 1853 nisi
759 1790 964 1855 carminibus
987 1787 1069 1853 κατὰ
1092 1788 1199 1874 σχέσιν
1221 1795 1254 1854 et
1276 1790 1452 1854 absolutis.

483 1891 629 1970 Quaerat
667 1893 786 1975 aliquis
822 1914 902 1958 num
934 1894 1018 1958 haec
1055 1894 1103 1958 eis
1145 1894 1363 1972 conveniant,
1401 1913 1486 1976 quae
1524 1893 1569 1956 de

398 1994 556 2058 Aristidis
580 1999 689 2060 aelate
712 1996 928 2079 fontibusque
951 1996 1085 2062 aliunde
1109 2000 1282 2079 comperta
1303 1997 1477 2060 babemus.
1522 1997 1571 2059 At

397 2097 542 2178 primurn
566 2099 701 2182 quidem
724 2099 883 2182 quoniam
906 2101 988 2164 artis
1011 2101 1170 2166 metricae
1193 2101 1462 2182 explicationem,
1480 2117 1570 2182 quae

400 2198 489 2281 apud
511 2199 694 2265 Aristidem
724 2201 849 2284 scripta
878 2207 938 2280 est,
966 2221 1035 2266 non
1058 2204 1100 2267 ab
1135 2203 1210 2285 ipso
1238 2222 1314 2267 esse
1343 2202 1570 2283 excogitatam

399 2303 488 2367 inter
518 2323 634 2368 omnes
665 2304 831 2380 convenit,
866 2308 984 2369 nostra
1012 2325 1082 2370 non
1115 2305 1256 2370 multum
1284 2305 1426 2370 interest
1453 2309 1571 2368 utrum

398 2406 563 2472 Aristides
599 2408 732 2472 saeculo
766 2428 797 2489 p.
827 2407 906 2472 Chr.
936 2428 967 2473 n.
1000 2409 1110 2491 primo
1139 2413 1281 2474 exeunte
1309 2410 1361 2473 vel
1388 2410 1494 2473 altero
1518 2409 1572 2472 in-

401 2516 499 2574 eunte
537 2530 580 2574 an
618 2511 751 2576 saeculo
788 2511 889 2574 tertio
926 2512 977 2575 vel
1012 2517 1131 2594 quarto
1166 2513 1305 2594 fuerit.¹)
1360 2512 1487 2576 Deinde
1525 2512 1573 2576 de

400 2615 592 2679 auctoribus
625 2616 667 2679 ab
702 2615 758 2679 illo
789 2616 967 2697 exscriptis
997 2636 1081 2700 quae
1109 2617 1247 2681 tandem
1269 2618 1443 2699 explorata
1466 2619 1574 2682 sunt?

403 2716 493 2781 Nihil
516 2716 708 2798 proficimur
731 2717 779 2781 eis
803 2736 887 2799 quae
911 2718 953 2782 de
975 2719 1192 2784 harmonicae
1210 2724 1243 2784 et
1258 2719 1463 2802 rhythmicae
1477 2720 1575 2801 apud

400 2820 581 2884 Aristidem
604 2820 686 2885 artis
710 2820 858 2886 fontibus
883 2822 1071 2888 docuerunt
1094 2823 1275 2902 Susamiht
1296 2824 1437 2900 Deiters‚
1455 2822 1575 2887 West·

400 2923 490 3005 phal‚
514 2923 648 2989 Caesar.
692 2924 728 2987 ln
752 2924 891 2989 metrica
913 2929 984 2989 arte
1015 2926 1155 2990 redeunt
1184 2927 1340 2991 universa
1370 2926 1574 3009 disciplinae

401 3026 692 3109 Hephaestioneae
715 3025 950 3102 fundamenta;
974 3032 1053 3091 sunt
1074 3032 1188 3093 tamen
1205 3030 1391 3112 permultae
1414 3048 1468 3093 res
1490 3048 1575 3093 eae-

402 3150 465 3211 que
488 3130 578 3194 haud
600 3130 699 3207 leves,
723 3149 807 3212 quae
831 3135 864 3194 et
882 3132 924 3195 ab
941 3131 1213 3214 Hephaestionea
1229 3138 1262 3198 et
1278 3137 1439 3215 quantum
1454 3132 1577 3197 ridere

403 3234 480 3297 licet
507 3233 548 3298 ab
577 3234 779 3298 Heliodorea
808 3234 1008 3317 recedamus
1057 3235 1141 3299 Nam
1170 3236 1248 3301 licet
1269 3236 1434 3301 Aristides
1459 3256 1490 3317 p.
1515 3236 1577 3314 30,

491 3509 510 3577 ¹)
531 3510 608 3575 Quae
628 3509 728 3561 Caesar
746 3509 907 3578 (Rhythmilr
930 3527 956 3579 p.
975 3512 991 3562 2
1015 3528 1091 3579 sqq.;
1119 3510 1200 3563 indic.
1225 3509 1287 3562 lect
1306 3509 1490 3576 Marburgens.
1510 3508 1578 3565 hib.

405 3592 522 3663 casales.
543 3596 653 3664 rosana
677 3601 704 3649 et
728 3597 893 3666 aest.1884)
921 3599 956 3650 de
979 3598 1106 3651 Aristidis
1134 3601 1225 3651 aetate
1252 3597 1391 3657 disseruit,
1419 3597 1577 3651 nemodum

403 3684 540 3737 refutavit
575 3684 690 3738 Etiamsi
709 3684 817 3753 reliqna
835 3691 999 3754 argumenta
1017 3687 1052 3739 ab
1071 3703 1104 3739 eo
1123 3687 1211 3739 allata
1228 3702 1283 3740 non
1305 3685 1453 3739 admodum
1473 3686 1581 3750 gravia

405 3788 466 3823 esse
486 3771 677 3833 concesserim,
697 3772 797 3827 summi
815 3778 909 3827 tamen
927 3774 1059 3827 momenti
1079 3777 1129 3836 est.
1154 3774 1228 3842 quod
1248 3778 1276 3827 et
1292 3772 1405 3826 Eusebii
1422 3787 1523 3825 nornen
1543 3780 1582 3827 et

404 3858 535 3913 Florentii
554 3858 644 3927 (Arist.
664 3876 690 3928 p.
711 3862 733 3923 l,
752 3860 779 3929 5)
798 3862 910 3915 saeculo
930 3862 1040 3915 demum
1058 3861 1138 3916 tertio
1160 3862 1204 3916 vel
1227 3862 1319 3931 polius
1342 3866 1440 3929 quarto
1458 3859 1485 3912 in
1505 3877 1580 3915 con·

404 3945 576 3999 suetudinem
603 3951 744 3999 venerunt.
789 3946 923 4001 Florentii
948 3964 1049 4002 nomen
1078 3954 1189 4002 auctore
1217 3948 1251 4001 de
1275 3948 1320 4001 Vit
1343 3946 1496 4017 (Onomast.
1519 3953 1580 4005 tot.

404 4033 461 4100 lat.)
480 4032 597 4101 primum
616 4033 716 4100 legitur
733 4034 760 4087 in
780 4034 839 4087 cod.
859 4036 954 4089 lustin.
973 4036 1057 4098 1138,
1077 4038 1089 4089 1
1116 4036 1144 4089 in
1168 4036 1301 4104 rescripto
1326 4036 1446 4104 quodam
1469 4052 1495 4090 a.
1519 4037 1583 4093 198

405 4139 431 4189 p.
450 4121 512 4175 Chr.
531 4136 557 4173 n.
582 4121 655 4183 dato,
679 4122 727 4175 sed
751 4126 864 4190 propter
882 4122 1007 4175 codicum
1026 4123 1224 4192 discrepantias
1246 4128 1339 4177 utrum
1361 4122 1516 4177 Florentius
1534 4141 1584 4180 an

405 4208 579 4262 Florentinus
599 4208 680 4262 luerit
700 4225 755 4262 non
780 4209 880 4277 liquet;
905 4211 1042 4265 cleliam
1064 4213 1098 4265 de
1122 4212 1204 4265 Rossi
1226 4212 1268 4265 La
1294 4212 1383 4264 Roma
1406 4212 1582 4269 Sorteranea

405 4296 442 4348 ΙΙΙ
461 4312 485 4363 p.
504 4296 546 4348 ts.

405 4486 414 4544 1
492 4400 514 4469 ²)
527 4400 560 4453 ct.
573 4402 674 4455 Caesar
682 4402 811 4473 Rhythm.
823 4420 849 4471 p.
862 4403 905 4466 33,
917 4402 1063 4471 Westphal
1075 4403 1170 4457 ldetrr'lr
1182 4402 1208 4456 1²
1218 4420 1245 4471 p.
1255 4402 1402 4467 aes-231,
1416 4404 1447 4457 G.
1458 4404 1582 4461 Schultz

418 4487 622 4557 .cpwm
