3459 5200
714 421 737 488 3

132 620 161 684 L.
183 621 328 684 Annaeus
352 618 478 683 Seneca
503 617 684 700 excolebat,
707 616 855 683 habuerit
879 624 1087 700 momentum,
1115 612 1192 679 inde
1221 612 1335 691 elucet,

129 725 203 808 quod
224 745 284 790 uon
308 725 410 790 solum
434 723 619 806 aequalium
643 723 720 808 eius,
744 742 855 789 verum
871 723 968 789 etiam
982 721 1208 788 historicorum
1221 720 1337 784 Roma·

127 853 225 898 norum
247 831 508 917 praeclarissimi,
543 829 683 895 Cornelii
716 830 822 896 Taciti
849 851 945 896 aures
968 830 1015 894 ita
1038 827 1169 912 adfecit,
1193 836 1228 891 ut
1250 827 1279 892 is
1303 826 1336 891 in

128 938 293 1022 eloquendo
318 939 462 1005 Senecae
487 937 561 1002 stilo
586 937 797 1013 accederet.¹)
843 936 929 1014 Quid
951 957 1028 1002 vero
1053 936 1197 1002 Senecae
1221 933 1340 998 debeat

126 1046 256 1125 'lucitus
283 1047 316 1110 in
338 1046 400 1111 hoc
423 1044 578 1128 opusculo
603 1043 825 1110 demonstrare
847 1044 926 1108 mihi
950 1051 1001 1110 est
1022 1043 1232 1128 propositum.

204 1171 238 1236 L.
253 1171 407 1235 Annaeus
422 1170 547 1234 Seneca
566 1176 601 1234 ut
623 1168 665 1234 iis
688 1169 895 1254 temporibus,
919 1169 1035 1252 quibus
1049 1167 1135 1234 Nero
1149 1166 1339 1252 imperabat,

124 1297 180 1341 non
204 1278 305 1342 solnm
329 1278 361 1341 in
385 1277 480 1341 rebus
500 1275 647 1361 publicis,
671 1296 781 1341 verum
802 1276 900 1340 etiam
916 1277 949 1340 in
964 1275 1080 1341 litteris
1094 1275 1215 1360 primas
1228 1281 1341 1356 ageret

122 1391 237 1468 partes,
269 1382 345 1448 idco
378 1383 408 1448 ei
442 1382 589 1466 contigit,
628 1383 702 1464 quia
736 1383 918 1468 Agrippina
950 1382 991 1447 ob
1024 1379 1249 1447 claritudinem
1276 1387 1340 1444 stu-

122 1489 237 1554 diorum
271 1491 341 1556 cius
375 1489 422 1554 illi
456 1490 551 1555 simul
583 1509 655 1553 cum
689 1489 789 1554 Burro
817 1490 977 1556 Neronem
1005 1487 1107 1553 filium
1138 1485 1340 1554 educandum

121 1597 257 1683 tradidit,
291 1596 335 1662 ad
367 1597 457 1663 cuius
491 1596 655 1679 ingenium
687 1596 863 1679 regendum
901 1602 1025 1660 tantum
1062 1593 1164 1660 valuit
1196 1595 1342 1660 Senecae

122 1705 303 1782 auctoritas,
329 1712 363 1769 ut
387 1712 483 1770 exuto
508 1723 586 1787 erga
610 1709 743 1768 matrem
768 1703 923 1786 obsequio
948 1709 1048 1768 totum
1079 1723 1115 1768 sc
1142 1701 1191 1765 illi
1213 1701 1342 1786 permit-

121 1819 206 1877 teret.
252 1811 348 1880 Unde
371 1811 492 1876 factum
516 1821 580 1895 est,
609 1819 644 1877 ut
670 1832 729 1896 per
756 1810 848 1875 initia
872 1810 1048 1877 Neroniani
1075 1809 1201 1894 imperii
1229 1808 1343 1891 gnber-

121 1920 267 1985 nacnlum
290 1919 338 1984 rei
361 1918 512 2004 publicae
535 1919 659 1984 Seneca
687 1915 755 1984 fere
788 1918 876 1984 solus
909 1925 1043 1984 teneret.
1094 1917 1206 1999 Aeque
1235 1921 1344 1980 tamen

122 2046 158 2090 ac
173 2026 315 2092 fortasse
334 2026 433 2091 multo
453 2026 526 2110 plus
542 2045 638 2109 quam
653 2025 685 2089 in
699 2026 797 2090 rebus
816 2025 955 2110 publicis
971 2024 1117 2089 Senecae
1131 2022 1296 2107 ingenium
1310 2021 1343 2085 in

121 2133 326 2220 philosophia
344 2133 544 2201 versabatur.
583 2131 785 2215 Quamquam
806 2131 891 2197 enim
910 2130 1089 2196 doctrinam
1106 2129 1342 2216 philosophiae,

122 2241 271 2323 quonium
295 2240 430 2306 Graccis
454 2239 657 2325 philosophis
681 2239 823 2305 fontibus
851 2239 898 2303 ita
921 2259 998 2305 usus
1027 2245 1089 2320 est,
1117 2243 1152 2302 ut
1178 2235 1252 2302 novi
1277 2234 1344 2301 fere

121 2348 198 2412 nihil
222 2347 369 2426 adderet,
392 2367 455 2412 non
473 2347 640 2432 promovit,
664 2345 825 2411 tamenin
844 2345 994 2430 operibus
1009 2346 1089 2428 eius,
1112 2363 1196 2428 quae
1214 2342 1344 2427 quidem

121 2453 162 2518 ad
184 2453 426 2540 philosophiam
448 2453 619 2538 pertinent,
642 2459 709 2518 tam
733 2452 834 2517 multa
852 2451 962 2518 insunt
979 2451 1147 2536 praeclare
1160 2455 1344 2536 praecepta,

120 2569 155 2626 ut
176 2563 229 2628 vel
252 2563 338 2628 inter
361 2559 567 2627 adversarios
591 2560 661 2627 eius
685 2578 858 2643 numquam
879 2557 1049 2637 defuerint,
1073 2558 1128 2643 qni
1152 2557 1183 2623 ei
1206 2556 1346 2642 palmam

120 2668 345 2765 concederent.
392 2670 430 2734 ln
451 2670 518 2733 ima
541 2668 625 2733 enim
648 2668 789 2753 pectoris
812 2667 944 2732 humani
964 2666 1133 2732 descendit
1151 2666 1347 2747 rimaturque

119 2776 280 2861 impulsus
304 2777 467 2873 actionum
490 2775 636 2861 inprimis
655 2775 842 2860 potentium,
868 2794 1002 2857 quorum
1015 2773 1141 2839 animos
1155 2769 1347 2857 explorandi

118 2891 150 2948 ct
174 2885 257 2951 vitia
282 2883 459 2971 aperiendi,
480 2904 551 2949 cum
569 2884 601 2947 in
616 2882 692 2947 aula
707 2881 916 2967 imperatoria
934 2882 1073 2967 primum
1091 2886 1216 2945 teneret
1233 2880 1347 2960 locum,
1420 2960 1424 2965 .

119 2993 251 3057 occasio
275 2990 325 3055 illi
348 2997 434 3057 certe
457 3010 630 3073 numquam
654 2988 770 3068 defuit,
799 2995 835 3053 ut
861 2988 975 3054 merito
1003 2994 1169 3070 tamquam
1196 2984 1348 3069 egregius

117 3098 274 3165 laudetur
292 3098 442 3164 vitiorum
463 3098 648 3163 insectator.
696 3095 780 3161 Hinc
804 3094 924 3161 factum
948 3102 1006 3179 est,
1029 3100 1065 3159 nt
1087 3093 1184 3159 etiam
1206 3092 1349 3173 Tacitus,

117 3208 211 3273 cuius
235 3204 439 3292 praeclaram
463 3209 565 3270 artem
588 3223 653 3268 non
677 3204 780 3269 solum
804 3201 988 3279 enarrandi,
1006 3222 1117 3267 verum
1135 3202 1233 3266 etiam
1246 3199 1348 3284 pbilo-

116 3312 285 3399 sophandi
316 3313 427 3378 mirari
458 3312 612 3395 solemus,
645 3330 764 3394 magna
797 3330 838 3375 ex
869 3318 962 3395 parte
990 3329 1008 3373 θ
1039 3309 1184 3375 Senecae
1218 3306 1359 3391 iugenio

115 3420 276 3505 pendeat.
323 3418 458 3485 Tacitus
482 3418 575 3503 enim,
599 3418 683 3484 sicut
704 3418 770 3482 iam
793 3424 870 3483 ante
893 3437 965 3482 enm
985 3416 1166 3499 Sallustius,
1189 3414 1224 3479 id
1247 3434 1350 3498 genus

116 3528 283 3594 historiae
307 3525 569 3609 conscribendae,
598 3524 684 3609 qnod
707 3523 944 3610 pragmaticum
974 3543 1092 3588 vocare
1115 3520 1349 3599 consuevimus,

115 3636 292 3721 professus
317 3639 375 3719 est,
399 3640 520 3698 utnon
544 3631 640 3697 modo
664 3652 760 3698 casus
785 3637 983 3714 eventusque
1007 3650 1119 3714 rerum,
1143 3628 1198 3713 qui
1213 3628 1350 3713 plerum·

114 3764 180 3827 que
207 3740 334 3807 fortuiti
352 3748 434 3825 sunt,
460 3740 519 3806 sed
538 3740 621 3804 ratio
641 3738 739 3805 etiam
760 3757 944 3821 causaeque
962 3743 1137 3803 noscantur
1161 3736 1259 3818 (Hist.
1279 3736 1351 3811 14).

113 3849 225 3916 Huius
252 3848 332 3913 artis
356 3846 552 3913 ediscendae
576 3866 678 3912 causa
701 3846 843 3912 Senecae
867 3844 1019 3929 operibus
1047 3844 1090 3909 ad
1112 3841 1351 3929 philosophiam

113 3956 359 4041 pertinentibus
391 3974 468 4020 usus
502 3963 552 4019 est
580 3952 736 4037 fontibus,
769 3952 890 4037 quippe
921 3971 1005 4035 quae
1033 3952 1161 4034 largam
1182 3950 1351 4015 materiam

113 4064 189 4131 eius
216 4046 367 4147 inprimis
394 4060 621 4146 philosophiae
650 4061 767 4147 partis,
799 4080 883 4143 qnae
916 4060 949 4124 in
976 4057 1149 4125 noscendis
1173 4056 1272 4122 animi
1295 4055 1351 4120 ad·

114 4170 267 4237 fectibus
290 4178 447 4249 versatur,
472 4168 520 4233 illi
545 4167 791 4253 suppeditarent
819 4166 999 4249 iisdemque
1022 4165 1220 4252 temporibus
1244 4169 1353 4229 essent

112 4276 320 4363 composita,
351 4297 485 4360 qnorum
512 4276 546 4341 in
572 4276 752 4341 Annalibus
780 4273 912 4358 quidem
939 4273 1074 4339 Tacitus
1099 4279 1228 4338 enarrat
1254 4270 1353 4336 histo·

112 4386 217 4453 riam.
268 4384 319 4448 Ita
342 4390 449 4448 autem
473 4404 540 4449 rem
564 4382 675 4467 gessit,
699 4387 741 4466 ut,
765 4402 828 4464 quo
852 4380 959 4463 magis
983 4379 1196 4445 enarrationis
1219 4385 1355 4462 augeret

196 4614 222 4681 ¹)
254 4614 286 4668 ln
313 4614 356 4669 his
384 4613 580 4669 adumbrandis
606 4616 715 4668 secutus
743 4612 863 4680 quodam
890 4612 971 4665 modo
994 4628 1055 4664 sum
1077 4610 1243 4676 doctrinam,
1272 4628 1358 4679 quam

113 4704 285 4760 Guilelmus
308 4702 479 4757 Sbudemund
503 4702 531 4755 in
559 4701 657 4755 scholis
676 4700 940 4755 Vratislaviensibus
961 4699 1051 4753 multo
1069 4698 1205 4767 copiosius
1223 4698 1357 4769 exposuit.

1167 4787 1196 4841 με
