3459 5200
609 555 809 650 ,2³2-

132 764 219 828 hanc
234 762 462 827 difficultatem
479 781 560 826 sane
575 761 806 844 gravissimam
828 760 991 825 dissolvat
1007 760 1131 826 frustra
1153 760 1293 826 circum-

132 866 293 949 spexeris.

215 969 329 1051 Neque
363 988 447 1050 opus
482 971 533 1032 est
566 965 782 1050 grammatico
816 965 860 1030 ad
887 968 947 1030 τῶν
976 963 1213 1052 ἀπολελυμένιυν
1235 967 1292 1032 de·

134 1073 258 1137 lectum
282 1070 532 1154 explicandum:
556 1069 648 1133 cuius
672 1088 790 1134 ansam
812 1069 924 1151 potius
949 1089 990 1133 ex
1003 1068 1218 1135 librariorum
1240 1071 1292 1134 in-

130 1175 223 1241 curia
244 1173 462 1258 repetendam
484 1192 560 1237 esse
583 1171 734 1254 arguitur
756 1173 858 1237 verbo
893 1172 1168 1258 acrcpsrpeiobar‚
1203 1175 1292 1257 quod

128 1278 283 1343 ultimum
324 1296 398 1342 esse
438 1274 673 1356 descriptionis
701 1273 761 1339 τῶν
790 1271 1027 1360 ἀπολελυμένον
1056 1276 1159 1341 cuivis
1189 1278 1293 1342 semel

129 1380 304 1446 admonito
327 1383 476 1463 apparet.
522 1377 610 1455 Quin
633 1378 733 1441 etiem
757 1397 799 1442 ne
815 1379 961 1443 Hensius
985 1380 1120 1462 quidem
1142 1400 1163 1444 a
1184 1400 1294 1462 gram·

129 1485 255 1549 matico
285 1483 438 1548 consulto
469 1481 631 1546 omissam
660 1501 735 1544 esse
764 1482 851 1545 hanc
882 1482 1029 1564 speciem
1051 1484 1214 1567 suspicari
1237 1483 1294 1550 de·

128 1588 204 1653 buit
226 1587 260 1670 (l.
285 1607 311 1652 c.
335 1608 366 1670 p.
393 1586 475 1670 155).
522 1584 605 1650 Nam
630 1587 720 1648 certe
744 1584 800 1666 qui
821 1585 862 1648 de
881 1585 1046 1650 industria
1067 1586 1150 1651 haec
1170 1588 1294 1668 omisit,

129 1690 222 1756 idem
245 1710 312 1754 non
335 1691 444 1772 potuit
472 1689 620 1770 recipere
642 1707 675 1770 p.
697 1687 736 1751 IV
761 1688 779 1751 3
803 1708 852 1770 sq.
874 1687 914 1752 τοὶ
936 1687 972 1751 δέ
993 1685 1210 1776 ἀπολελυμένα
1238 1695 1295 1756 aut

127 1817 160 1877 p.
184 1795 214 1858 V
235 1795 257 1858 d
279 1814 327 1877 sq.
353 1792 444 1879 μέρος
467 1790 501 1856 δέ
522 1813 550 1856 τι
573 1783 811 1875 ἀπολελυμένον.

222 1915 383 1981 Subtilior
416 1914 488 1978 visa
516 1916 568 1978 est
599 1911 726 1976 Hensio
762 1917 912 1997 μετρικῶν
938 1903 1081 1977 ἀτάκτων
1103 1911 1295 2000 descriptio,

132 2039 237 2104 quam
261 2039 345 2102 quae
378 2017 595 2100 grammatico
625 2015 673 2079 illi
701 2015 863 2080 vindicari
891 2020 1019 2098 posset,
1047 2037 1162 2082 verum
1194 2024 1295 2104 expli·

131 2123 300 2188 cationem
323 2120 355 2199 ἐξ
378 2118 493 2207 ὁμοίων
516 2121 545 2185 ei
570 2119 716 2184 tribuere
740 2139 809 2183 non
832 2119 1021 2185 haesitavit.
1064 2122 1107 2185 At
1131 2143 1231 2206 supra
1253 2129 1295 2193 ab

129 2225 254 2290 eodem
275 2225 438 2308 originem
459 2223 596 2288 duxisse
616 2242 648 2304 p.
669 2220 713 2284 IV
739 2222 862 2285 la-13
885 2241 985 2287 voces
1008 2221 1079 2287 οὔτε
1106 2222 1165 2289 ὑπὸ
1187 2227 1295 2314 στίχου

130 2327 206 2392 οὔτε
226 2325 285 2391 ὑπὸ
308 2325 501 2412 συστήματος
522 2322 798 2412 καταμετρούμενα
819 2329 919 2408 atque
941 2326 1174 2408 p.1v15-16
1196 2352 1295 2399 voces

129 2431 206 2496 οὔτε
235 2428 318 2495 κατὰ
340 2429 445 2516 στίχον
461 2427 534 2494 οὐδὲ
556 2425 769 2514 συστηματικοὶ
791 2429 833 2493 ad
855 2428 1018 2511 liquidum
1038 2431 1190 2513 perduxi.
1233 2436 1296 2503 lbi-

131 2536 213 2601 dem
237 2555 336 2619 quam
359 2539 430 2600 arte
453 2535 517 2600 hae
540 2533 754 2599 definitiones
779 2550 854 2598 cum
878 2533 1063 2599 carminum
1085 2536 1169 2601 κατὰ
1190 2538 1295 2624 σχέσιν

129 2639 358 2724 explicatione
380 2659 412 2721 p.
436 2638 476 2702 lV
498 2638 519 2702 6
541 2635 624 2701 κατὰ
642 2634 752 2720 σχέσιν
774 2633 829 2720 μέν
851 2636 941 2717 ἐστιν,
969 2634 1029 2699 ὅσα
1056 2648 1208 2723 μετρεῖται
1236 2639 1296 2709 ὑπὸ

128 2740 360 2828 συοτήμαπσςῑ)
383 2742 595 2819 cohaereant,
625 2740 860 2804 demonstravi.
912 2740 964 2805 En
992 2740 1058 2806 iam
1086 2744 1129 2808 ad
1152 2746 1295 2813 eundem

130 2846 260 2911 cedunt
293 2848 465 2910 auctorem
498 2844 612 2909 omnia
645 2842 722 2907 inde
756 2863 776 2907 a
807 2864 882 2926 pag.
916 2844 958 2907 lV
979 2846 998 2906 3
1022 2866 1127 2929 usque
1150 2850 1192 2912 ad
1215 2851 1241 2913 V
1264 2854 1294 2917 3.

127 2950 248 3033 Neque
270 2968 350 3013 vero
373 2948 439 3013 alia
461 2949 583 3013 desunt
597 2946 739 3024 vincula,
762 2947 881 3028 quibus
898 2948 1048 3030 singulae
1065 2955 1295 3018 commentarii

127 3057 248 3137 partes
283 3052 317 3116 in
350 3071 453 3117 unum
489 3050 770 3133 constringantur.
819 3050 983 3134 Equidem
1013 3055 1102 3117 certe
1125 3073 1295 3138 nunquam

127 3154 218 3221 mihi
240 3156 451 3238 persuadebo
474 3176 514 3221 ex
537 3154 590 3219 his
614 3153 862 3219 delinitionibus

278 3294 310 3357 p.
339 3276 381 3340 111
411 3276 544 3340 14-15:
916 3296 949 3358 p.
970 3275 997 3338 v
1018 3275 1118 3340 4-5:

175 3394 283 3461 Μιατά
311 3395 346 3459 δὲ
374 3388 434 3459 ὅσα
457 3393 549 3481 μέρος
584 3392 638 3479 μέν
665 3413 692 3456 τι
782 3392 887 3459 Μικτά
915 3396 949 3459 δὲ
976 3392 1036 3459 ὅσα
1064 3395 1156 3483 μέρος
1185 3396 1240 3482 μέν
1267 3420 1294 3462 τι

127 3500 205 3586 ἔχει
241 3494 300 3562 ὑπὸ
337 3498 444 3583 στίχου
481 3491 715 3582 καταμετρού-ἱ
741 3498 808 3582 ἔχει
833 3496 917 3563 κατὰ
944 3497 1061 3583 σχέσιν,
1090 3499 1182 3586 μέρος
1210 3499 1244 3565 δέ
1270 3524 1298 3565 τι

128 3622 239 3689 μενον,
279 3600 371 3687 μέρος
404 3599 439 3666 δέ
475 3599 545 3685 <τι>
581 3618 692 3683 συοτρ·
742 3597 975 3689 ἀπολελυμένον
996 3596 1018 3683 ἢ
1042 3598 1074 3677 ἐξ
1096 3598 1210 3687 ὁμοίων

127 3702 266 3793 ματιαόν

127 3826 286 3911 priorem
308 3844 383 3889 esse
401 3823 716 3907 Hephaestionem,
737 3822 973 3888 Heliodoream
994 3824 1144 3889 alteram.
1181 3826 1298 3892 Eidem

130 3928 270 3995 auctori
307 3932 406 4011 atque
446 3926 560 4012 μικτῶν
599 3932 835 4015 συστηματικῶν
880 3927 1140 4010 descriptionem
1182 3930 1299 3995 tribuit

125 4032 284 4100 Hensius
304 4030 559 4114 explicationem
572 4033 687 4117 μικτών
703 4031 786 4095 κατὰ
803 4030 909 4116 σχέσιν
926 4052 956 4113 p.
969 4030 1010 4095 Vl
1025 4032 1164 4097 19-21:

156 4174 307 4183 -.---.--
321 4174 337 4180 -.

226 4238 246 4309 ¹)
264 4240 366 4294 Parum
390 4245 469 4293 caute
492 4238 681 4309 Westphalius
704 4240 813 4307 scripsit
836 4238 887 4292 dod
911 4242 975 4306 <τοῦ
994 4234 1094 4306 αὐτοῦ)
1121 4238 1298 4307 συστήματος;

126 4344 208 4399 quae
220 4326 377 4381 coniectura
387 4331 414 4380 et
427 4326 467 4380 eis
481 4342 552 4394 quae
562 4326 709 4395 supradixi
720 4326 892 4393 redarguitur
904 4332 931 4379 et
944 4342 986 4390 eo,
1000 4327 1074 4394 quod
1092 4326 1119 4378 iu
1133 4326 1299 4379 carminibus

125 4416 207 4471 ιιατοὶ
232 4416 320 4480 σχέσιν
342 4428 397 4468 non
421 4429 536 4467 necesse
560 4418 602 4467 est
626 4414 719 4467 omnia
737 4418 888 4481 systemata
906 4429 968 4467 esse
986 4413 1071 4481 paria,
1090 4414 1140 4465 sed
1158 4412 1186 4466 in
1205 4429 1298 4467 eorum

125 4502 234 4559 ordine
254 4500 374 4569 conspici
393 4504 480 4567 σχέσιν
500 4500 653 4568 quandam;
673 4500 705 4554 cl.
726 4500 807 4553 etiarn
827 4499 930 4553 Caesar
947 4500 976 4553 in
994 4516 1046 4552 em.
1064 4500 1152 4568 Hepb.
1162 4499 1187 4553 Il
1205 4517 1231 4568 p.
1242 4500 1300 4553 xlv

125 4598 157 4646 et
178 4589 274 4643 Hense
293 4587 309 4641 l.
329 4604 350 4640 c.
370 4604 395 4655 p.
415 4588 473 4641 152.
