3459 5200
938 348 978 413 16

857 440 930 446 —-
938 440 1058 447 ——--—-

347 555 496 641 σφυγμῶν
524 556 674 623 libellum
700 558 743 623 ab
773 578 813 623 eo
842 559 968 623 lectum
994 578 1070 624 esse
1093 557 1320 624 demonstrari
1347 578 1418 625 non
1439 561 1570 643 potest3

346 666 463 733 Cicero
486 672 597 734 autem
621 670 663 735 ad
684 670 751 735 Att.
775 669 874 748 115‚1
900 688 1027 735 nomen
1049 689 1119 735 non
1141 670 1308 753 adposuit.
1346 671 1384 736 Si
1404 671 1567 737 hariolari

346 779 472 859 liceret,
496 802 571 847 cum
587 781 704 848 Cicero
721 782 821 848 Tusc.
844 783 930 847 V10
951 782 1159 848 Heraclitum
1181 783 1382 866 cognomine
1403 783 1569 867 physici

346 892 492 975 appellet
513 896 550 959 ut
572 894 637 960 hoc
660 895 735 960 loco
751 895 981 979 Symmachus,
1005 893 1188 961 coniectari
1209 900 1328 979 posset
1341 894 1377 961 in
1394 896 1569 979 deperdito

345 1004 432 1070 libro
456 1006 653 1073 Ciceronem
676 1007 757 1073 dicti
780 1007 868 1073 illius
891 1006 1005 1073 addito
1029 1007 1177 1075 auctoris
1200 992 1338 1075 nomine
1360 1008 1570 1074 mentionem

350 1117 518 1185 iniecisse.

432 1248 705 1331 Hippocratis
732 1250 826 1316 locus
849 1254 1032 1332 usurpatur
1053 1251 1095 1315 VI
1115 1250 1173 1315 45:
1204 1267 1292 1328 uum,
1320 1250 1359 1313 ut
1378 1246 1427 1313 cit
1448 1247 1570 1332 fflppo·

347 1362 462 1439 cures,
492 1359 675 1445 praesentio
703 1360 890 1427 hebetantur
917 1359 1131 1441 inconmodo,
1163 1358 1192 1426 si
1213 1358 1266 1425 cui
1287 1358 1374 1425 dolor
1393 1358 1497 1426 maior
1516 1380 1569 1427 oc·

348 1470 482 1537 cesserit.

433 1603 607 1687 Significat
636 1606 753 1689 aphor.
777 1606 803 1670 11
824 1606 885 1669 ro:
919 1603 975 1669 δύο
996 1604 1099 1670 πόνων
1121 1602 1188 1691 ἄρα
1211 1602 1398 1691 γιγνομένων
1420 1601 1464 1689 μή
1487 1600 1571 1667 κατὰ

259 1708 261 1713 ’
349 1712 403 1780 τὸν
427 1712 520 1780 αὐτὸν
538 1715 633 1783 τόπον
653 1714 670 1781 ὁ
692 1713 900 1803 σφοδρότερος
921 1710 1060 1803 ἀμαυροῖ
1075 1714 1128 1782 τὸν
1147 1718 1262 1802 ἕτερον.
1297 1716 1392 1799 Legit
1414 1716 1479 1781 hoc
1500 1717 1570 1781 ior-

349 1832 441 1893 tasse
465 1828 500 1892 in
522 1827 628 1894 latina
649 1830 865 1913 Hippocratis
888 1830 1045 1896 versione
1068 1834 1125 1897 out
1147 1829 1182 1894 in
1205 1828 1323 1895 Galeni
1344 1830 1432 1894 libro
1454 1828 1571 1908 attero,

349 1940 405 2023 qui
440 1940 649 2008 inscribitur:
683 1939 914 2027 Ἱπποκράτους
942 1938 1110 2027 ἀφορισμοὶ
1136 1944 1192 2007 καὶ
1217 1940 1363 2025 saturei
1390 1942 1433 2018 εἰς
1460 1932 1571 2017 αὐτοὺς

348 2044 571 2139 ὑπομνήματα,
614 2055 650 2119 in
688 2076 752 2138 quo
788 2056 830 2121 de
863 2056 929 2121 hoc
961 2055 1158 2137 aphorismo
1192 2056 1302 2138 agitur
1334 2055 1399 2119 vol.
1432 2053 1518 2119 XVII
1548 2054 1570 2119 2

349 2186 381 2249 p.
405 2166 468 2231 549
490 2166 528 2231 Κ.
538 2168 560 2250 ¹)

437 2440 458 2513 ¹)
477 2440 655 2495 Memorabile
678 2444 721 2495 est
744 2440 827 2494 etiem
849 2440 1047 2509 Hieronymum
1070 2438 1245 2508 Hippocratis
1268 2439 1403 2493 nonnulla
1426 2406 1444 2493 e·
1465 2438 1569 2493 Galeno

350 2528 477 2585 attulisse
483 2548 490 2594 ;
509 2530 543 2584 ci.
556 2528 684 2583 Luebectr
697 2546 722 2598 p.
736 2530 778 2582 99.
793 2528 850 2582 1111.
882 2527 996 2582 Cassiod
1010 2528 1072 2581 inst.
1090 2527 1147 2581 131
1166 2526 1311 2582 monachis
1330 2526 1475 2596 praecipit:
1499 2524 1572 2595 lepite

351 2615 543 2689 Hippocraten
559 2619 638 2688 πέρσε
658 2615 791 2672 ΘαΙοποοπ
808 2615 897 2672 trtius
914 2615 1007 2688 liupo
1023 2630 1166 2672 οοποτνοοσ.
