3459 5200
930 348 974 414 56

426 546 465 610 T.
490 544 573 612 Hist.
597 544 613 607 I
637 546 689 609 30.
712 550 740 606 t:
774 563 877 626 neque
907 542 990 606 enim
1023 542 1128 607 relatu
1159 546 1305 607 virtutum-
1338 543 1371 608 in
1400 564 1568 628 compara-

338 653 425 718 tione
449 650 585 718 Othonis
609 671 691 736 opus
715 656 773 716 est.
799 654 881 730 vitio,
906 649 1023 733 quibus
1047 649 1126 716 solis
1147 653 1309 732 pinnatus,
1340 658 1486 717 evertere
1510 652 1569 716 im-

337 761 471 847 perium.

428 866 459 932 S.
484 865 542 951 Ep.
569 866 691 931 281οε
716 861 856 940 Quidam
879 867 959 928 vitiis
979 867 1159 945 plectuntur.
1192 871 1225 929 tu
1250 864 1418 930 existimas
1443 866 1571 949 aliquid

340 972 382 1040 de
405 972 548 1040 remedio
573 973 726 1056 cogitare,
751 971 806 1054 qni
828 971 917 1036 maia
941 991 1002 1038 sua
1023 975 1169 1036 virtutum
1191 973 1263 1038 loco
1287 975 1494 1052 numerant?;
1528 973 1573 1040 dc

340 1081 408 1146 vita
430 1081 528 1146 beata
551 1079 614 1144 XII
634 1081 669 1146 5:
696 1078 831 1145 laudant
854 1079 939 1145 enim
963 1099 1011 1163 ca,
1035 1079 1151 1163 quibus
1175 1081 1418 1166 erubescebant,
1442 1087 1475 1146 et
1496 1085 1572 1146 citio

338 1190 518 1272 ptortantor.
557 1188 614 1274 Ep.
639 1190 691 1255 87.
708 1189 760 1255 23.

431 1329 468 1397 T.
493 1330 575 1397 Hist.
599 1331 614 1394 Ι
638 1332 690 1397 52.
707 1333 763 1396 20:
783 1331 935 1415 ponderet
957 1328 1052 1395 modo
1076 1332 1178 1394 sinum
1201 1334 1234 1394 ct
1256 1329 1397 1395 venienti
1413 1333 1575 1395 Fortunae

343 1443 533 1501 occurreret.

432 1543 463 1608 S.
488 1543 546 1629 Ep.
571 1545 622 1610 74.
638 1547 674 1609 6:
712 1543 753 1608 ad
787 1542 878 1618 haec,
912 1564 997 1627 quae
1020 1563 1040 1608 a
1064 1546 1205 1609 Fortuna
1232 1551 1437 1628 sparguntur,
1469 1549 1573 1610 sacru

344 1653 491 1734 enpcodit
512 1657 544 1715 et
567 1649 725 1717 sollicitus
749 1651 886 1717 missilia
910 1651 980 1717 cius
1003 1651 1204 1736 [ex]speotat.
1225 1650 1265 1716 de
1285 1652 1388 1718 benet.
1404 1651 1447 1715 IV
1465 1655 1518 1718 24.
1536 1655 1573 1716 2:

274 1833 277 1838 ¹
345 1756 450 1823 soluto
465 1757 509 1823 ad
523 1757 613 1823 illam
637 1761 695 1837 (sc.
711 1757 874 1838 virtutem)
895 1762 967 1823 siun
980 1757 1172 1824 veniendum
1187 1766 1247 1826 est.
1263 1757 1305 1824 dc
1320 1779 1397 1824 rem.
1413 1758 1486 1826 fort.
1501 1759 1573 1825 Χῖ).

435 1901 473 1969 T.
504 1901 587 1969 Hist.
612 1901 627 1966 I
650 1903 702 1969 86.
718 1905 753 1969 9:
787 1902 895 1968 subita
922 1902 1132 1967 inundatione
1164 1902 1308 1988 Tiberis,
1341 1903 1396 1987 qui
1427 1903 1574 1968 inmenso

347 2013 443 2072 auctu
541 2027 603 2072 non
628 2008 723 2074 modo
746 2012 877 2075 iacentia
900 2017 933 2074 et
955 2011 1055 2094 plana
1079 2010 1166 2076 urbis
1190 2013 1264 2090 toea,
1290 2009 1348 2076 sed
1371 2033 1481 2075 securo
1504 2010 1575 2076 eins

347 2113 434 2178 modi
458 2134 590 2180 casuum
614 2115 767 2200 implevit.

439 2221 470 2287 S.
494 2229 559 2289 nat.
584 2229 710 2306 quaest.
735 2223 779 2288 VI
807 2228 833 2291 l.
850 2225 884 2289 2:
909 2223 962 2288 hic
986 2221 1046 2288 tuit
1068 2231 1174 2289 motus
1196 2275 1263 2308 ...‚
1287 2224 1340 2307 qui
1364 2224 1576 2310 Campaniam

348 2347 519 2411 numquam
543 2353 682 2396 securam
704 2330 798 2397 huius
822 2330 900 2396 maii
994 2351 1113 2414 magna
1137 2338 1247 2415 strage
1271 2333 1420 2399 vastavit.
1446 2369 1487 2378 -
1511 2333 1571 2418 Ep.

350 2437 403 2503 ot.
422 2438 454 2501 1:
487 2455 560 2502 cum
586 2437 725 2522 plurima
748 2441 814 2504 tocc
837 2445 989 2503 evomant
1011 2438 1127 2522 ignem,
1151 2458 1215 2504 non
1239 2446 1363 2504 tantum
1387 2438 1477 2505 edita
1507 2490 1575 2524 ...‚

351 2541 409 2609 sed
433 2544 531 2610 etiam
554 2547 694 2611 inventio.

442 2685 479 2750 T.
505 2687 586 2753 Hist.
610 2688 642 2752 ΙΙ
667 2690 696 2755 7.
713 2690 749 2754 3:
782 2709 842 2754 nec
870 2688 1003 2773 referre,
1026 2688 1192 2754 Vitellium
1221 2710 1263 2755 an
1287 2687 1446 2755 Othonem
1474 2713 1577 2775 super·

349 2796 449 2858 stitem
464 2800 600 2878 fortuna
624 2794 756 2866 faceret.

442 2900 473 2967 S.
502 2902 560 2987 Ep.
596 2904 646 2970 70.
673 2906 726 2969 18:
765 2924 886 2988 omnes,
920 2924 1000 2987 quos
1024 2904 1222 2987 amabamus,
1251 2909 1429 2989 superstites
1445 2910 1578 2989 fortuna

351 3008 503 3073 servavit.

444 3151 482 3220 T.
511 3151 595 3221 Hist.
624 3152 656 3218 ΙΙ
680 3156 709 3221 8.
730 3156 764 3219 3:
803 3160 982 3220 ceterorum
1015 3173 1110 3219 casus
1143 3160 1342 3237 conatusque
1374 3158 1407 3218 iu
1437 3162 1579 3219 contecta

355 3261 456 3341 operes
479 3256 632 3327 dicemus.

448 3364 480 3431 S.
508 3364 549 3430 de
576 3385 665 3450 prov.
690 3368 705 3431 Ι
733 3372 763 3432 l:
797 3366 859 3431 hoo
888 3364 1087 3431 commodius
1119 3370 1152 3430 io
1178 3376 1319 3432 contestu
1342 3372 1443 3452 :ports
1466 3366 1578 3433 redde·

357 3476 452 3539 retur.
482 3472 541 3555 Ep.
570 3475 640 3539 106.
657 3476 691 3539 2:
715 3473 868 3539 veniebat
890 3473 923 3537 in
946 3481 1119 3539 contectum
1142 3478 1244 3558 operto
1266 3475 1338 3541 mei.
1366 3480 1432 3543 nat.
1455 3481 1581 3558 quaest.

360 3578 403 3642 Vl
431 3582 458 3646 i.
473 3582 507 3646 3:
532 3580 690 3666 propositi
713 3585 816 3669 operis
839 3590 997 3647 contectus
1019 3581 1129 3665 exigit.

448 3723 486 3791 T.
510 3723 593 3791 Hist.
619 3724 649 3788 ΙΙ
672 3726 724 3789 46.
745 3729 776 3789 1:
800 3746 990 3809 nequaqnam
1014 3727 1149 3810 trepidus
1172 3731 1204 3790 et
1226 3728 1345 3791 consilii
1367 3734 1474 3790 eornm

449 3830 481 3897 S.
507 3831 564 3915 Ep.
594 3834 665 3899 116.
684 3835 717 3899 1:
754 3838 789 3898 ut
821 3830 935 3899 cadem
967 3831 1024 3898 ilia
1055 3834 1226 3917 intrepidos
1253 3832 1365 3917 facias,
1393 3839 1428 3898 ut
1455 3835 1583 3899 certiore

360 3940 496 4003 cenatio.
522 3936 563 4002 de
577 3939 663 4004 brev.
677 3938 732 4006 vit.
746 3940 793 4004 ΙΙΙ
808 3942 842 4006 3:
862 3939 992 4024 quando
1007 3949 1106 4005 certus
1121 3942 1240 4005 ementis·
1253 3940 1361 4025 fueris,
1383 3992 1390 4008 .
1405 3991 1412 4007 .
1428 3992 1434 4007 .
1452 3939 1582 4023 quaudo

362 4043 420 4107 tibi
449 4063 526 4110 usus
558 4046 604 4110 tui
632 4046 740 4133 fuerit,
853 4048 983 4131 quando
1012 4047 1139 4113 animus
1161 4049 1340 4131 intreptcus.
1383 4048 1442 4132 Ep.
1470 4050 1523 4113 45.
1545 4050 1579 4113 9:

361 4158 460 4215 certus
482 4150 601 4237 iudicii,
625 4153 844 4241 inconcussus,
869 4158 1048 4240 intrepidus.

451 4296 489 4363 T.
505 4296 588 4365 Hist.
612 4296 644 4361 11
666 4301 720 4366 48.
738 4300 771 4364 ‘iz
796 4299 952 4383 pecunias
975 4300 1130 4363 distabuit
1150 4318 1248 4383 parce
1272 4318 1332 4365 nec
1354 4304 1389 4363 ut
1411 4297 1581 4382 periturus.

362 4422 437 4469 mox
461 4402 605 4470 Salvium
629 4406 841 4471 Cocceianum
952 4408 1033 4471 ultro
1055 4408 1170 4471 sototus
1193 4414 1245 4471 est.

451 4511 485 4579 S.
514 4512 573 4597 Ep.
599 4516 650 4578 77.
665 4516 701 4579 8:
739 4512 880 4579 minutas
912 4512 1022 4595 itaquo
1051 4511 1226 4579 summulas
1253 4514 1407 4577 distribuit
1432 4512 1583 4579 flentibus

364 4618 465 4685 servis
490 4627 522 4684 ct
544 4618 618 4685 illos
640 4622 721 4685 nitro
744 4623 915 4686 camelotos
937 4628 991 4685 est.
