3459 5200
662 514 681 519 ..
703 418 780 519 ,ΒΕ
810 510 838 519 d

116 625 170 694 17:
193 624 284 694 nula
305 630 391 709 notu,
413 625 523 693 nullus
537 626 626 709 color,
648 628 721 693 nul-
758 632 784 695 V
807 631 895 710 bib:
928 624 1131 697 iuuenibus
1151 624 1231 697 calor
1251 625 1366 711 fismlis

155 739 203 805 lae
228 741 333 806 sordes
360 740 549 805 mllebantur
576 740 626 805 liis
652 760 721 805 sen·
800 740 969 807 adlinitur.

158 851 266 917 tentiis
286 852 379 918 altini
396 873 496 936 posse.

112 966 170 1028 li:
204 963 335 1029 nisibe
362 964 446 1029 uobis
473 964 588 1029 mnam
619 962 721 1047 apini-
758 984 808 1029 or.
829 966 870 1030 IV
886 966 920 1030 4:
942 963 997 1029 cclii
1017 970 1096 1031 seint
1116 966 1173 1048 mci
1193 965 1273 1048 falso
1293 965 1365 1031 ani-

156 1096 246 1141 enem
267 1076 375 1141 animo
389 1075 564 1143 imbibisset.
589 1078 637 1143 cf.
653 1078 721 1141 Liv.
799 1075 860 1140 mis
881 1074 1071 1142 imbiberunt
1091 1077 1192 1163 manis
1212 1076 1366 1160 efficacem

155 1189 182 1253 ΙΙ
204 1190 292 1269 58,6;
320 1192 447 1254 tuntum
473 1192 630 1254 certamen
650 1187 722 1253 ani·
801 1208 864 1252 esse
884 1186 1074 1254 audaciam?

155 1298 216 1364 mis
238 1298 434 1367 imbiberant.

199 1490 248 1555 Ex
270 1492 450 1556 actionis
473 1492 514 1555 in
537 1492 702 1555 Verrem
724 1490 919 1556 alterius:

112 1628 139 1692 ΙΙ
161 1628 218 1692 51:
244 1648 305 1711 per
326 1626 445 1691 eosdem
467 1625 561 1691 istuis
583 1628 721 1712 (Verris)
737 1628 740 1741 l
756 1628 800 1691 IX
819 1629 926 1705 115,1:
948 1647 994 1691 un
1015 1648 1067 1713 epo
1081 1627 1169 1693 istud
1186 1627 1289 1710 feram
1303 1650 1366 1693 mo·

157 1737 320 1820 fibrinum
347 1738 548 1805 iniuriarum
569 1755 740 1803 tinorum-¹
800 1738 881 1817 leste,
904 1738 960 1820 mci
980 1739 1122 1805 noverim
1146 1740 1368 1806 Marcellonem

155 1870 215 1931 que
236 1850 332 1915 socios
353 1850 448 1915 istius
469 1850 600 1934 imperio
623 1789 741 1933 Syra-l
799 1856 1005 1916 monumenta
1026 1850 1148 1917 sublna
1163 1852 1256 1917 Verre
1271 1875 1366 1937 prae·

155 1961 240 2026 cusu
256 1962 420 2029 Marcellia
442 1963 598 2028 tolluntur
619 1962 722 2027 macci-
801 1960 890 2027 tere?

155 2094 204 2138 mo
222 2072 343 2159 pernitu
365 2074 512 2157 luctuque
533 2073 679 2140 ciuitatis.

114 2194 154 2258 III
182 2196 237 2260 28:
273 2194 329 2276 arei
364 2196 509 2261 nendum
541 2194 723 2279 Aproniani
759 2216 807 2260 or.
829 2196 857 2259 11
882 2198 934 2260 10:
968 2194 1024 2259 ricc
1045 2194 1198 2260 inerma
1225 2195 1263 2260 in
1285 2195 1368 2259 ‹liem

158 2305 294 2370 convivii
327 2307 490 2391 crapulam
516 2306 723 2373 exhalassent.
802 2305 941 2389 crapula.

80 2416 83 2423 '
159 2420 206 2484 Cf.
230 2420 314 2485 Phil.
338 2420 444 2486 1130:
472 2418 590 2485 edormi
611 2438 723 2502 crapu-

157 2530 230 2612 lam,
241 2530 384 2614 inquam,
397 2536 426 2598 et
436 2530 606 2598 calula-
617 2533 723 2598 Plaut.
741 2448 744 2585 l

157 2645 254 2710 Most.
274 2647 371 2710 1103:
393 2643 449 2709 nbi
470 2663 578 2709 sunno
599 2643 664 2708 iam
678 2665 723 2708 se-

152 2755 249 2838 peliri
284 2777 407 2822 emnem
445 2760 539 2838 atque
574 2754 724 2820 eclmmiui

156 2866 327 2950 crapulam.
360 2868 446 2933 Rud.
470 2870 549 2933 586:
579 2871 615 2931 ut
636 2867 722 2931 eeler-

155 2977 285 3043 miscam
305 2977 388 3044 tuuc
410 2978 582 3062 crapulam.
625 2981 722 3062 Apul.

155 3093 242 3174 apol.
265 3093 322 3156 59:
355 3089 558 3156 ainirlentum
578 3089 723 3156 uilnem

155 3199 193 3266 in
214 3201 321 3267 balaeo
342 3201 504 3268 laudare.

113 3323 154 3385 IV
176 3323 211 3387 5:
245 3326 339 3388 erant
360 3343 457 3388 aenea
478 3323 541 3387 eirea
558 3326 723 3406 praeterea
759 3325 848 3388 129:
877 3341 954 3388 nam
976 3328 1006 3388 et
1027 3322 1164 3389 Pliiliac
1188 3324 1369 3408 Olympium

154 3432 249 3517 Qua
263 3453 330 3499 non
345 3455 506 3516 maurina,
528 3455 637 3500 eurem
655 3433 721 3498 eni·
801 3434 908 3500 Iovem
935 3440 965 3499 ct
991 3435 1141 3518 Myronis
1167 3435 1313 3501 brennam
1339 3441 1368 3500 et

154 3545 220 3610 mia
242 3550 414 3628 venustate,
437 3545 591 3632 cirpinali
613 3545 722 3611 babitu
801 3545 949 3628 Polycliti
971 3545 1161 3632 caneforos¹)
1186 3546 1279 3612 medis
1300 3546 1369 3611 eius

154 3657 477 3740 clementitinum
490 3658 637 3724 manibus
651 3657 721 3724 sub·
800 3657 882 3724 artis
903 3657 1069 3724 luminum
1084 3679 1164 3741 pars
1178 3680 1296 3742 empna
1308 3658 1368 3724 mi·

154 3769 227 3836 latis
247 3791 339 3836 sacru
360 3771 513 3852 qriaedam
526 3791 612 3836 mere
626 3769 721 3838 Albe·
801 3774 874 3836 rata
895 3774 941 3834 est
961 3771 1017 3849 (cs.
1039 3793 1070 3854 p.
1094 3774 1138 3854 9).

154 3881 318 3947 ninnium
340 3881 503 3968 viryinum
529 3883 663 3966 reposita
684 3882 722 3947 iu

156 3993 310 4077 capitibus
352 3993 559 4060 sustinebant.
621 3993 721 4060 Canc-

150 4105 266 4188 pboroe
301 4105 387 4188 ipsae
422 4106 631 4186 uocabantur;
668 4107 722 4172 secl

155 4239 265 4282 earnem
292 4216 444 4298 artificem
466 4217 581 4300 picem?
616 4240 721 4300 picem-

153 4327 254 4393 nam?
265 4367 306 4376 -
318 4333 398 4394 recte
413 4331 560 4396 abmones
572 4369 614 4376 -
627 4329 720 4414 Poly-

154 4439 262 4505 clitum
284 4462 348 4505 esse
362 4439 514 4507 dicebant.
531 4480 571 4489 -
586 4444 628 4508 IV
647 4445 721 4508 135:

153 4552 230 4633 quib
260 4552 468 4620 Athenienses
504 4553 722 4637 (arbitramini

201 4795 219 4863 ¹)
239 4825 271 4834 -
286 4795 362 4864 sorae
380 4796 555 4852 scribendum
574 4814 607 4850 ex
627 4796 757 4850 Cicerone
776 4802 803 4850 et
822 4797 972 4858 codicibus,
992 4795 1039 4864 qui
1057 4811 1154 4850 omnes
1174 4810 1208 4848 ree
1226 4794 1367 4857 exhibent,
