3459 5200
986 415 1030 479 60

484 611 522 676 Τ.
547 611 626 676 Anrr.
652 609 666 674 I
691 612 741 674 23.
759 612 795 676 3:
822 609 1020 692 singulorum
1039 611 1169 692 pedibas
1192 612 1362 675 advolutus.
1391 609 1473 674 Ann.
1488 609 1504 672 Ι
1518 611 1572 676 32.
1586 614 1619 673 7:

396 717 571 802 Septimius
603 737 674 781 cum
707 716 904 800 perfugisset
937 714 981 781 ad
1008 715 1148 781 tribunal
1171 718 1359 801 pedibusque
1382 716 1545 781 Caecinae
1567 719 1620 781 orl-

394 829 570 890 volveretur.

484 931 516 999 S.
542 930 582 996 dc
606 931 655 996 ire
679 931 709 994 ΙΙ
733 931 834 996 34.4;
873 949 970 1012 quam
1003 949 1103 1014 saepe
1135 929 1205 997 eius
1228 932 1361 1014 pedibas
1383 933 1543 996 odoelolas
1566 939 1621 995 cel.

396 1037 481 1103 Ourt.
506 1038 553 1102 ΙΙΙ
581 1041 630 1103 12.
652 1040 704 1103 ΙΙε
731 1036 886 1103 advoluta
910 1043 960 1103 cst
984 1035 1122 1122 pedibus
1146 1036 1226 1104 eius.

482 1164 520 1230 T.
550 1164 631 1230 Anu.
660 1163 675 1227 I
704 1165 756 1228 28.
773 1165 830 1227 21:
869 1167 965 1228 tol-do
999 1174 1073 1228 sunt
1105 1185 1185 1250 quoe
1213 1162 1246 1226 in
1274 1183 1442 1228 commune
1470 1170 1622 1248 expostu-

393 1271 513 1335 lentur:
538 1271 697 1354 privatam
721 1269 860 1352 gratiam
884 1275 994 1335 statim
1018 1289 1171 1352 mereare,
1194 1275 1304 1336 stetim
1328 1270 1476 1354 recipias.

483 1377 514 1442 S.
537 1377 597 1462 Ep.
624 1379 696 1443 121.
712 1377 769 1442 2οι
795 1383 825 1442 ct
849 1380 979 1442 cardoun
1005 1383 1054 1442 est
1078 1384 1110 1442 ct
1131 1376 1264 1453 varium,
1294 1377 1380 1460 quod
1409 1396 1487 1444 usus
1509 1377 1621 1443 docet:

393 1483 546 1568 quicquid
569 1491 685 1549 natura
708 1482 817 1562 tradit,
843 1489 876 1548 et
899 1482 1037 1565 aequale
1060 1483 1207 1548 omnibus
1231 1490 1282 1548 est
1305 1490 1338 1548 et
1359 1489 1479 1552 stetim.
1516 1485 1558 1551 ib.
1586 1488 1621 1551 7:

391 1595 491 1658 tol-(lo
524 1591 608 1656 enim
640 1599 730 1676 strat,
763 1615 843 1678 porr-c
877 1590 1074 1656 necessitate
1098 1590 1306 1677 inpelluntur:
1342 1591 1475 1674 agilitas
1504 1598 1621 1676 sponte

392 1699 487 1764 motis
511 1704 570 1763 cst.

481 1824 518 1890 T.
543 1824 623 1890 Arm.
648 1822 662 1886 1
687 1826 812 1891 29.12;
845 1829 1027 1908 promptum
1051 1827 1095 1889 orl
1119 1828 1291 1910 asperiora
1321 1823 1485 1907 ingenium
1513 1825 1621 1890 Druso

392 1941 476 1997 erat:
501 1937 634 1997 vocatos
660 1930 851 1997 Vibulenum
875 1937 908 1996 et
931 1930 1140 1996 Percennium
1165 1931 1301 1996 interfici
1324 1931 1423 2000 iubet.

481 2039 511 2105 S.
537 2037 578 2103 de
602 2039 692 2106 elem.
717 2037 748 2103 ΙΙ
770 2040 802 2106 4.
818 2041 853 2103 3:
888 2057 1060 2124 possumus
1084 2037 1226 2121 effugere
1250 2039 1488 2104 cavillationem
1517 2039 1620 2104 etita

393 2144 494 2230 finire,
518 2152 552 2211 ut
576 2145 618 2210 sit
642 2144 818 2211 crudelitas
842 2144 1008 2210 inclinatio
1033 2145 1132 2210 animi
1156 2150 1201 2212 ccl
1224 2151 1403 2233 asperiora.

481 2272 518 2339 T.
543 2271 625 2337 Ann.
650 2272 665 2334 Ι
690 2273 739 2336 72.
756 2275 790 2335 6:
825 2279 915 2336 tanto
939 2291 975 2337 se
999 2271 1104 2359 magis
1129 2276 1163 2338 in
1188 2273 1308 2338 lubrico
1333 2270 1497 2336 dictitans.
1537 2272 1619 2340 Anu.

392 2378 435 2442 VI
459 2381 511 2446 51.
529 2381 562 2444 7:
588 2377 726 2442 maxime
750 2383 785 2444 ln
810 2379 931 2445 lubrico
958 2377 1025 2461 egit
1048 2384 1184 2463 accepta
1207 2378 1240 2441 in
1266 2378 1503 2443 matrimonium
1528 2377 1618 2443 iulia

480 2486 510 2551 S.
538 2484 581 2549 ad
604 2485 700 2551 Maro.
730 2483 771 2549 de
796 2485 915 2551 consol.
941 2484 988 2548 IX
1013 2487 1047 2549 2:
1086 2491 1214 2550 nostras
1243 2504 1370 2569 quoque
1402 2505 1482 2572 opes
1514 2505 1619 2569 aequo

392 2595 572 2661 inlubrico
602 2592 735 2677 positas.
777 2592 837 2677 Ep.
864 2595 916 2659 71.
934 2594 990 2659 28:
1030 2591 1212 2658 etiamnunc
1242 2599 1390 2658 versatur
1418 2599 1453 2661 in
1482 2594 1617 2660 lubrico.

390 2700 449 2785 Ep.
477 2702 527 2765 t5.
547 2702 599 2765 10:
634 2698 741 2764 adhuc
770 2706 803 2767 la
833 2702 955 2766 lubrico
986 2706 1081 2767 stare.
1123 2700 1183 2785 Ep.
1209 2703 1260 2765 84.
1279 2703 1333 2766 12:
1367 2722 1431 2765 non
1459 2701 1492 2764 in
1524 2720 1617 2784 prae·

390 2812 482 2891 rupto
507 2812 629 2871 tantum
654 2805 721 2871 illic
750 2806 866 2889 stabis,
896 2805 954 2872 sed
985 2810 1175 2875 inlubrico.
1216 2807 1257 2874 (le
1280 2828 1358 2875 rem.
1383 2808 1454 2875 fort.
1478 2806 1557 2872 XVI
1581 2810 1615 2873 3:

391 2913 529 2979 omnium
554 2913 683 2997 quidem
711 2914 919 2999 inperitorum
952 2916 1094 2999 animus,
1126 2914 1266 2980 maxime
1299 2921 1407 2981 tamen
1434 2918 1615 2982 inlubrico

390 3020 554 3087 muliebris
579 3028 638 3087 est.

479 3146 514 3209 T.
539 3146 619 3210 Arm.
645 3146 723 3213 116.
743 3148 797 3213 15:
823 3153 997 3230 servatque
1019 3172 1133 3215 nornen
1158 3159 1186 3214 et
1208 3145 1397 3213 violentiam
1419 3170 1533 3215 cursus
1557 3148 1615 3229 (sc.

388 3250 541 3339 Rhenus.)

480 3359 511 3425 S.
537 3367 602 3424 nat.
627 3368 751 3443 quaest.
777 3360 823 3425 ΙΙΙ
848 3365 899 3427 26.
915 3363 950 3427 3:
976 3361 1092 3427 eadem
1116 3364 1174 3441 (sc.
1198 3361 1342 3439 flumina)
1376 3381 1417 3426 ex
1444 3359 1614 3426 intervallo

390 3472 590 3532 revertuntur
613 3467 835 3552 recipiuntque
859 3476 891 3533 et
915 3493 1029 3536 nornen
1053 3477 1081 3536 et
1104 3491 1244 3536 olosma.

478 3592 514 3655 T.
532 3593 612 3657 Ann.
628 3591 724 3659 1138.
740 3594 796 3658 25:
822 3594 933 3659 avitae
948 3594 1127 3660 nobilitatis
1147 3598 1243 3662 etlam
1256 3596 1342 3661 later
1359 3599 1529 3679 onpustios
1554 3592 1615 3657 lor-

389 3704 486 3764 tunac
509 3700 660 3765 retinens.

478 3806 509 3872 S.
536 3806 577 3873 dc
600 3806 704 3873 benef.
730 3808 745 3870 Ι
769 3810 798 3874 9.
819 3815 848 3873 l:
876 3807 984 3893 Vides,
1008 3808 1167 3891 quomodo
1192 3808 1317 3874 animus
1335 3807 1480 3873 inveniat
1498 3806 1615 3873 libera-

391 3913 493 3980 litatis
517 3915 685 3979 materiam
709 3921 805 3982 etiem
830 3922 915 3983 inte-r
938 3920 1126 4002 emporetica?

476 4040 514 4107 T.
539 4041 620 4105 Ann.
646 4039 676 4103 ΙΙ
702 4043 752 4107 72.
770 4042 804 4105 2:
829 4044 984 4108 saevienti
1004 4046 1159 4126 forlonoe
1183 4045 1378 4109 submitteret
1400 4046 1556 4107 oculorum.

476 4147 507 4212 S.
532 4146 573 4212 dc
597 4146 702 4215 benol.
731 4148 759 4212 V
784 4152 864 4214 3.2:
904 4155 936 4213 et
967 4148 1113 4233 quisquis
1141 4150 1225 4215 alius
1257 4154 1430 4217 saevientis
1460 4152 1616 4233 fortemne

386 4254 418 4317 vi
442 4275 481 4319 ac
504 4254 647 4340 pondere
671 4255 844 4339 obpressus
868 4275 931 4320 uon
955 4260 1113 4324 sector-ittit
1137 4262 1292 4324 orrirnron.
1331 4257 1389 4340 Ep.
1415 4258 1468 4322 66.
1485 4258 1520 4320 6:
1546 4254 1614 4319 ani·

386 4382 456 4426 mus
478 4414 529 4429 ...
551 4362 654 4428 neutri
679 4383 715 4428 sc
736 4366 890 4447 fortunae
909 4366 1106 4431 srtborilleaa
1135 4365 1195 4450 Ep.
1211 4366 1263 4430 92.
1281 4366 1315 4429 2:
1340 4361 1423 4429 haec
1441 4362 1527 4429 enim
1543 4362 1614 4428 sola

387 4488 449 4531 non
473 4472 632 4536 srcbmiltlt
656 4474 810 4547 orzirnoor,
836 4476 902 4535 stat
925 4478 1037 4536 contra
1058 4476 1238 4556 fortunam.
1276 4470 1318 4535 ad
1348 4471 1445 4537 blare.
1475 4470 1516 4535 dc
1540 4490 1613 4535 ccu-

387 4574 444 4639 sol.
468 4575 547 4639 XVI
570 4579 604 4641 9:
631 4596 728 4659 quam
752 4575 847 4641 valde
872 4578 930 4643 tibi
951 4586 1097 4664 fortulae,
1121 4579 1220 4644 etiam
1238 4600 1310 4645 cum
1329 4586 1478 4662 saeviret,
1500 4598 1615 4664 peper-

388 4680 473 4747 cerit.
504 4680 546 4745 ad
572 4682 683 4768 Polyb.
709 4682 750 4749 de
774 4686 894 4750 consol.
922 4686 1060 4751 X1114:
1095 4707 1154 4772 per
1186 4693 1217 4753 tc
1246 4687 1365 4752 habent
1396 4692 1432 4753 ut
1457 4692 1615 4774 fortunae
