3459 5200
985 379 1026 443 10

479 575 517 642 Τ.
542 573 649 657 Agric.
674 576 727 641 44.
751 578 784 642 6:
809 582 841 641 et
865 575 937 660 ipse
964 573 1109 662 quidem,
1132 598 1315 662 amararum
1338 580 1438 643 mma
1460 581 1494 642 ia
1517 583 1615 662 aratio

389 685 526 766 tritaprue
557 686 665 748 calatia
698 691 827 768 ereptas,
861 691 1008 771 paccatum
1035 687 1077 749 ad
1102 686 1248 768 plattam,
1276 687 1482 768 loapisaimm
1509 707 1613 750 mcum

384 793 511 873 perepit.
528 789 648 875 quippe
669 799 701 856 et
718 813 791 856 uera
810 792 898 869 boae,
914 810 998 874 quae
1013 790 1219 858 invirtutibus
1234 792 1297 858 sita
1312 800 1395 870 sunt,
1413 792 1613 878 impleverat.

479 897 512 964 S.
536 896 595 983 Ep.
622 899 673 964 98.
697 900 733 964 9:
757 898 807 964 De
835 898 886 963 bis
913 897 1055 981 loquitur
1083 899 1189 976 bonis,
1217 898 1261 964 ad
1290 919 1373 984 quac
1402 900 1614 967 concurritur:

390 1022 463 1068 naru
489 1003 568 1070 illud
591 1027 694 1070 caum
718 1007 828 1072 666666
850 1025 915 1071 666
938 1006 1079 1091 moritur,
1104 1014 1224 1073 certum
1244 1014 1294 1073 est
1312 1008 1615 1093 sempiternumque,

391 1109 552 1196 sapientia
585 1118 617 1178 et
647 1115 759 1178 artua:
792 1113 853 1179 buo
886 1134 983 1179 unum
1016 1114 1173 1199 contingit
1203 1115 1384 1181 immortale
1415 1114 1615 1182 mortalibus.

390 1217 449 1302 Ep.
475 1219 527 1285 66.
556 1220 612 1285 30:
642 1217 796 1304 Quisquis
827 1219 911 1287 haec
942 1221 1070 1306 inparia
1102 1220 1233 1306 iudicat,
1265 1222 1306 1287 ab
1339 1222 1421 1307 ipsis
1455 1223 1616 1288 uirtutibus

390 1325 506 1390 avertit
529 1326 640 1392 oeulos
664 1335 697 1392 et
719 1326 882 1393 exteriora
905 1328 1138 1413 circumspicit:
1158 1330 1237 1394 barac
1258 1351 1332 1394 ocra
1353 1327 1440 1394 idem
1463 1328 1615 1414 pendent,

390 1431 475 1498 idem
497 1439 621 1519 patent.
646 1433 705 1519 Ep.
731 1435 783 1500 32.
809 1435 845 1500 5:
875 1434 961 1520 Opto
989 1435 1048 1500 tibi
1075 1435 1122 1501 tui
1149 1434 1350 1521 facultatem,
1378 1442 1414 1500 ut
1439 1437 1535 1520 vagis
1563 1457 1615 1502 co-

390 1539 602 1622 gitationibus
626 1541 752 1625 agitata
774 1560 865 1608 mens
888 1541 1020 1608 andem
1042 1543 1174 1609 resistat
1197 1527 1230 1609 et
1253 1550 1342 1609 certa
1366 1543 1417 1628 sit,
1432 1550 1467 1608 ut
1485 1544 1617 1628 placeat

285 1688 288 1692 -
391 1646 452 1712 sibi
476 1655 508 1712 et
531 1647 705 1715 intellectis
728 1653 808 1714 ceris
831 1651 931 1732 beata,
960 1670 1053 1735 quae,
1081 1650 1177 1716 simul
1204 1650 1370 1716 intellecta
1398 1658 1484 1734 suut,
1511 1651 1615 1735 possi-

390 1752 520 1834 dentur,
560 1759 669 1821 aetatia
700 1758 867 1822 adiectione
896 1779 961 1822 aaa
991 1765 1084 1840 oyem.
1143 1757 1205 1822 llle
1237 1755 1365 1822 demum
1400 1758 1616 1824 necessitates

391 1883 619 1948 supergressus
643 1871 695 1930 est
718 1870 750 1930 et
774 1870 1002 1931 exauctoratus
1026 1886 1065 1931 ac
1089 1865 1178 1948 liber,
1198 1865 1252 1948 qui
1275 1864 1356 1929 vivit
1378 1865 1446 1930 vita
1469 1872 1614 1950 peracta.

389 1969 448 2056 Ep.
474 1973 524 2036 ts.
550 1974 607 2036 27:
631 1971 753 2038 Rursus
777 1971 804 2050 si
828 1991 915 2038 mors
938 1972 1066 2038 accedit
1089 1978 1121 2037 et
1143 1979 1248 2056 vocat,
1276 1971 1351 2038 licet
1374 1972 1535 2037 inmatura
1563 1972 1615 2058 sit,

390 2077 467 2144 licet
489 2080 619 2143 mediam
643 2078 813 2162 praecidat
835 2087 979 2163 aetatem,
1006 2085 1180 2164 perceptus
1204 2081 1380 2166 loapiaabaa
1406 2078 1529 2144 fruetus
1553 2087 1613 2146 est.

390 2185 433 2250 ad
448 2185 559 2269 Polyb.
579 2185 620 2252 de
635 2186 755 2252 consol.
769 2187 800 2250 Π
815 2190 850 2253 6:
870 2186 1022 2273 Eriperes
1037 2187 1207 2272 spiritum?
1228 2186 1416 2269 quantulum
1429 2185 1615 2253 nocuisses!

389 2296 596 2376 teupissimam
618 2295 664 2359 illi
683 2297 785 2377 tepeat
806 2317 913 2360 accam
929 2300 1022 2379 fama
1040 2297 1191 2378 promisit.
1217 2292 1258 2359 de
1281 2299 1383 2360 coust.
1408 2313 1478 2378 sap.
1493 2293 1559 2360 Vb
1584 2304 1616 2358 et

389 2399 663 2482 Vll;adHelv.
689 2399 1453 2488 decons01.vc;1x2;1tp.23.6;73.8;
1479 2401 1531 2468 74.
1559 2404 1615 2482 163

393 2509 464 2575 124.
494 2509 547 2590 133
573 2511 624 2574 99.
648 2510 700 2575 31.

479 2724 517 2792 Τ.
541 2724 649 2807 Agric.
666 2726 719 2790 45.
743 2725 798 2791 13:
823 2724 875 2789 Tu
897 2742 974 2789 reru
998 2723 1085 2808 felix,
1108 2722 1271 2808 Agricola,
1294 2744 1358 2790 uon
1380 2722 1469 2790 vitae
1492 2729 1615 2789 tantum

391 2830 549 2909 claritate,
575 2830 634 2897 sed
657 2830 756 2895 etiam
779 2835 1004 2916 opportunitate
1033 2833 1149 2895 morlia.
1178 2836 1214 2895 ut
1240 2829 1411 2915 perbibent
1437 2830 1492 2914 qui
1520 2830 1615 2896 inter·

390 2940 518 3005 fuorunt
546 2937 731 3005 novissimis
760 2937 961 3005 sermonibus
989 2938 1062 3023 tuis,
1090 2946 1234 3004 caratauc
1262 2944 1290 3002 et
1317 2939 1412 3003 libeas
1431 2942 1538 3022 fatam
1565 2962 1616 3003 ear-

390 3050 502 3131 ccpisti,
525 3052 689 3129 tamquam
713 3067 771 3130 pru
795 3045 879 3110 virili
903 3046 1050 3130 portione
1073 3045 1289 3110 innocentiam
1308 3044 1445 3130 principi
1466 3043 1616 3113 donares.

480 3152 512 3221 S.
538 3151 581 3218 ad
604 3154 702 3219 Marc.
727 3153 767 3218 de
791 3153 911 3218 consul.
935 3154 995 3218 XX
1011 3156 1048 3218 4:
1073 3153 1200 3237 Cogita,
1223 3157 1377 3235 quantum
1404 3150 1480 3216 boni
1508 3174 1616 3238 oppor-

391 3269 465 3326 tuna
488 3282 574 3326 mora
597 3260 726 3339 habeat,
756 3280 852 3343 quam
877 3260 984 3325 multis
1008 3258 1129 3325 ‹liutius
1152 3259 1274 3325 vixisse
1298 3257 1452 3326 nocuerit.
1476 3258 1536 3343 Ep.
1563 3262 1615 3326 76.

391 3370 448 3433 23:
473 3367 584 3433 Virum
608 3368 725 3433 bouum
754 3366 916 3434 concedas
943 3386 1079 3433 necesse
1111 3374 1163 3432 est
1195 3386 1339 3433 summae
1370 3366 1504 3452 pietatis
1537 3386 1617 3451 erga

391 3473 470 3539 deos
499 3494 580 3540 esse.
609 3475 718 3558 itaque
747 3474 901 3559 quioquid
928 3474 977 3539 illi
1007 3474 1135 3559 accidit,
1164 3493 1268 3558 aequo
1296 3474 1403 3539 animo
1433 3474 1616 3540 sustinebit.

393 3582 474 3647 sciet
497 3582 582 3647 enim
604 3581 638 3647 id
662 3581 824 3648 accidisse
847 3583 921 3665 lege
936 3581 1055 3664 divina,
1071 3603 1135 3665 quc
1149 3582 1302 3647 universa
1316 3579 1503 3666 procedunt.
1529 3579 1616 3665 quod

391 3689 419 3755 si
444 3696 501 3773 est,
525 3709 622 3753 unum
644 3688 692 3753 illi
715 3690 832 3755 bouum
856 3689 926 3765 erit,
947 3688 1033 3772 quod
1051 3690 1231 3754 honestum.
1249 3688 1282 3753 in
1301 3688 1362 3753 boc
1377 3688 1460 3753 enim
1475 3688 1618 3772 positum

392 3803 441 3861 est
466 3802 497 3861 et
519 3816 633 3880 parere
658 3795 709 3863 (lis
724 3816 783 3861 nec
798 3795 1036 3863 excandescere
1056 3795 1098 3861 ad
1115 3796 1222 3862 subita
1236 3816 1296 3860 neo
1310 3795 1482 3880 deplorare
1497 3802 1617 3860 sortem

391 3923 491 3981 suam,
517 3903 575 3970 sed
594 3908 746 3988 patienter
769 3908 909 3988 scopere
924 3909 1030 3987 sctum
1054 3910 1086 3969 et
1109 3904 1216 3969 facere
1239 3904 1406 3987 imperata.
1430 3902 1491 3986 Ep.
1510 3904 1563 3969 61.
1579 3906 1617 3968 3:

391 4010 446 4093 qui
470 4014 598 4095 imperto
621 4012 714 4075 libeas
738 4014 858 4095 occiput,
887 4019 1012 4095 partem
1035 4011 1278 4077 acerbissimam
1303 4009 1465 4076 servitutis
1494 4008 1620 4093 effugit,

392 4118 499 4185 facere
523 4118 609 4202 quod
633 4118 721 4185 nolit.
745 4139 807 4183 nou
831 4119 887 4201 qui
914 4118 1023 4185 iussus
1055 4116 1180 4201 aliquid
1212 4119 1299 4196 facit,
1331 4117 1431 4182 miser
1462 4123 1523 4194 est,
1558 4116 1619 4183 sed

392 4225 446 4308 qui
470 4226 589 4292 invitus
613 4225 699 4291 facit.
723 4226 781 4310 Ep.
808 4228 860 4292 94.
883 4229 917 4291 l:
941 4230 1044 4292 umato
1059 4229 1188 4310 ‘taliter
1210 4226 1396 4309 accipierulo,
1415 4242 1499 4307 quae
1523 4223 1620 4289 nobis

391 4332 500 4397 muudi
525 4332 705 4399 necessitas
729 4333 877 4415 imperat.
901 4332 960 4416 Ep.
984 4336 1036 4400 96.
1062 4340 1096 4398 2:
1121 4332 1153 4397 in
1178 4332 1336 4416 omnibus,
1364 4349 1449 4413 quae
1476 4329 1620 4395 adversa

391 4439 540 4506 videntur
564 4450 596 4505 et
619 4439 709 4525 dura,
734 4441 782 4506 sic
805 4438 962 4505 formatus
986 4459 1071 4505 sum:
1095 4459 1160 4505 non
1182 4459 1282 4523 pareo
1310 4438 1383 4513 deo,
1413 4436 1472 4503 sed
1499 4437 1619 4505 adsen-

391 4547 462 4613 tior.
486 4568 526 4612 ex
549 4548 656 4612 animo
679 4547 779 4631 illum,
802 4566 865 4613 uun
890 4547 967 4629 quia
989 4566 1123 4613 necesse
1146 4554 1205 4630 est,
1220 4566 1345 4629 sequor.
1371 4544 1452 4609 nibil
1466 4565 1620 4629 umquam

391 4652 468 4719 mibi
491 4654 620 4738 incidet,
644 4658 724 4740 quod
747 4658 842 4721 tristia
870 4657 1035 4739 accipiam,
1065 4653 1151 4737 quod
1178 4654 1264 4718 malo
1287 4652 1387 4718 voltu.
1417 4652 1477 4737 Ep.
1502 4656 1555 4721 98.
1579 4656 1619 4719 3:
