3459 5200
791 412 835 477 43

349 608 448 691 6,12
525 602 541 671 ὁ
570 605 740 694 perductio]
767 616 830 673 τοῖν
855 606 955 691 decdo

329 714 428 798 39,6
529 718 614 801 μέχρι
637 724 739 800 μηνῶν
762 712 865 780 ἄλλων
888 716 942 779 too

307 820 380 903 195,
405 817 488 906 2l31)
525 818 673 907 Σωτῆρσιν
698 815 842 886 ’Audaces
865 844 898 886 τε
919 818 1112 906 Διοοαοίιροιν
1136 819 1188 886 ὅδε
1211 824 1324 907 βωμός.

305 928 379 1011 70],
404 929 425 993 5
1058 927 1091 995 ἐν
1114 928 1266 1003 ζαθέοισιν

525 1031 585 1099 elus
608 1035 692 1099 θεαῖν
716 1034 892 1119 [δαπέδοιαιν

304 1141 378 1222 Ἰ37,
403 1142 424 1206 3
523 1140 543 1227 ἢ
566 1142 686 1214 τελετὰς
710 1138 851 1228 ἀνέφαινε
875 1145 957 1208 θεοῖν

303 1246 378 1331 828,
403 1243 455 1332 blss
524 1252 677 1334 μοηθέντα
700 1243 753 1336 ἀφ’
777 1245 876 1320 ἑστίας
898 1257 962 1313 ταῖν
983 1249 1069 1314 aare

240 1394 246 1401 -
304 1354 404 1439 238a,
429 1354 469 1421 11
521 1364 620 1441 χροοᾶ
642 1350 781 1438 οὶνάνῙθα

305 1462 402 1545 1363,
427 1462 448 1527 2
520 1457 707 1549 liudericum
729 1462 808 1527 meu
831 1460 923 1527 ἔτεσιν

305 1568 447 1652 1443,3
520 1565 596 1633 ἐτῶν
619 1568 671 1632 diso

305 1676 446 1759 1326,8
522 1674 613 1764 ἄμφω
637 1673 858 1763 ἀποφθιμὲνιον.

284 1800 368 1865 Hinc
405 1800 630 1883 cognoscimus
667 1798 797 1864 dualem
833 1819 999 1865 nnmerum
1036 1797 1196 1885 imprimis
1229 1798 1358 1883 quidem
1392 1799 1430 1864 in

197 1904 343 1974 formulis
365 1906 503 1973 vetustis
527 1904 676 1972 Cererem
700 1912 732 1971 ct
750 1904 978 1990 Proserpinam
1002 1904 1261 1990 significantibus
1284 1912 1327 1971 τὼ
1349 1910 1429 1985 θεὼ,

197 2023 257 2079 τοῖν
280 2019 375 2089 θεοῖν,
398 2022 463 2078 ταῖν
486 2014 573 2079 θεαῖν
597 2010 778 2079 adhibitum
801 2031 886 2096 esse,
910 2010 969 2079 sed
993 2013 1091 2078 etiam
1115 2013 1147 2078 in
1170 2012 1334 2080 nonnullis
1350 2012 1430 2079 aliis

197 2120 345 2204 vocibus,
383 2127 419 2185 ut
455 2118 719 2205 adstipulandum
757 2118 799 2185 sit
835 2118 1084 2186 Meisterhansio
1121 2118 1256 2187 dicenti:
1300 2119 1432 2205 ,Einige

197 2226 390 2310 Bedeutung
422 2226 565 2310 gewinnt
596 2225 655 2292 der
686 2225 773 2291 Dual
808 2223 986 2291 wiederum
1022 2225 1107 2291 beim
1139 2225 1329 2292 Anfbldhen
1366 2227 1430 2292 der

196 2333 404 2399 klassischen
428 2332 562 2399 Studien
585 2332 620 2398 in
643 2331 701 2398 der
723 2332 916 2399 Kaiserzeit.
953 2332 1049 2398 Denn
1072 2352 1185 2399 ausser
1200 2333 1339 2399 Formen
1361 2334 1430 2399 wie

198 2445 239 2505 τὼ
262 2442 337 2515 θεῖ),
361 2450 424 2505 τοῖν
447 2440 530 2505 θεοῖν
555 2437 620 2505 und
642 2438 861 2505 vereinzelten
884 2440 960 2504 διοῖν
982 2438 1091 2504 finden
1115 2438 1186 2506 sioh
1209 2439 1292 2506 auch
1317 2439 1428 2507 Dnale

197 2547 260 2614 wie
282 2558 384 2635 χροσᾱ
405 2544 552 2614 elicroca
599 2545 787 2630 (Grammat.
813 2545 844 2614 d.
869 2552 927 2614 att.
951 2544 1073 2613 lnschr,
1120 2548 1141 2628 ὅ
1164 2548 1230 2628 81.)

650 2777 970 2788 *μη-ι·-

706 2979 833 3090 Caput
864 2979 920 3063 H.

290 3165 448 3244 Quoniam
472 3167 579 3251 qualis
603 3166 699 3234 luerit
717 3166 915 3252 singulorum
930 3188 1050 3254 prosae
1066 3167 1222 3234 orationis
1236 3168 1430 3254 scriptorum

199 3294 278 3341 usus
311 3274 502 3358 singillatim
534 3275 755 3361 exposuimus,
792 3275 988 3341 accedamus
1020 3275 1064 3341 ad
1096 3294 1138 3342 oa
1173 3295 1257 3359 quae
1288 3276 1430 3341 maxime

198 3389 273 3449 sunt
294 3381 517 3447 memorabilia
541 3381 679 3448 breviter
702 3381 1015 3468 comprehendenda.
1054 3382 1164 3447 Prima
1185 3390 1294 3448 autem
1316 3382 1436 3448 tabula·

197 3507 362 3554 numerum
398 3487 570 3554 formarum
608 3487 766 3573 dualium,
813 3509 898 3572 quae
939 3487 1028 3575 apud
1066 3489 1213 3572 singulos
1251 3489 1429 3574 scriptores

198 3601 377 3678 occurrunt,
401 3593 535 3671 indicat,
560 3593 678 3661 deinde
701 3603 779 3678 quot
803 3594 918 3662 duales
941 3595 1064 3660 formae
1088 3596 1122 3660 in
1137 3594 1281 3661 centenis
1294 3595 1429 3680 paginis

198 3701 411 3780 inveniantur,
441 3720 647 3786 exponemus.
693 3701 892 3786 Paginarum
917 3721 1085 3768 numerum
1112 3699 1157 3766 ad
1180 3722 1253 3768 eum
1275 3701 1429 3786 referam,

198 3807 254 3892 qui
286 3815 337 3874 est
367 3807 399 3872 in
430 3807 625 3874 editionibus
654 3808 898 3876 Teubnerianis.
948 3807 1015 3875 Sed
1042 3829 1115 3874 cum
1142 3828 1207 3875 non
1234 3827 1346 3875 omnes
1374 3809 1429 3875 vel

200 3915 323 4000 singuli
345 3913 570 3981 nonnullorum
595 3915 786 4001 scriptorum
810 3915 884 3981 libri
907 3915 955 3982 eis
978 3916 1215 4002 contineantur,
1238 3936 1303 3982 non
1316 3933 1431 3982 omnes

198 4041 349 4088 numeros
373 4028 441 4086 tam
463 4028 617 4087 accurate
639 4021 863 4088 ratiocinando
887 4023 1020 4106 assequi
1043 4021 1148 4108 potui,
1178 4029 1213 4087 nt
1236 4042 1299 4087 non
1322 4023 1356 4086 in
1379 4020 1431 4088 eis

199 4129 255 4212 qui
277 4127 365 4194 mille
387 4128 579 4214 paginamm
603 4128 701 4212 longe
724 4127 885 4194 excedunt
906 4149 1081 4213 numerum,
1106 4128 1343 4213 quinquaginta
1358 4125 1428 4194 iero

199 4233 342 4320 paginae
365 4235 418 4301 vel
440 4234 614 4302 addendae
638 4236 690 4300 vel
713 4234 936 4302 detrahendae
960 4236 1033 4304 sint.
1086 4234 1181 4313 Quod
1209 4235 1253 4301 ad
1284 4234 1430 4300 dualium

200 4340 372 4407 formarum
402 4340 614 4425 frequentiam
641 4361 699 4426 pro
728 4341 875 4427 portione
899 4341 1158 4408 constituendam
1181 4340 1262 4407 nihil
1285 4349 1430 4406 autnon

198 4449 332 4515 multum
355 4448 444 4514 facit.

291 4643 311 4710 ¹)
335 4644 396 4710 195,
415 4642 476 4711 701,
496 4643 556 4709 737,
578 4642 647 4698 1326
665 4642 797 4698 metricae
816 4646 881 4698 sunt
899 4642 1101 4712 inscriptiones.
