3459 5200
838 443 882 507 29

248 636 411 706 existimat
435 636 640 721 simillimum,
670 635 831 724 duplicem
859 638 1051 725 scripturam
1076 635 1200 704 codicis
1223 636 1264 723 X,
1292 636 1472 721 qualemA

246 750 480 832 repraesentat,
504 743 602 811 etiam
617 742 795 830 archetypo
809 744 839 809 Y
858 742 1061 811 tribuendam
1077 763 1158 831 esse,
1174 744 1215 809 ab
1229 744 1285 809 illo
1304 743 1471 812 dissentio.

245 852 316 919 Hac
344 852 490 920 enimin
518 850 709 936 quaestione
736 852 783 917 ita
810 851 1083 938 progrediendum
1111 850 1205 917 nobis
1232 850 1360 919 videtur
1389 870 1471 935 esse,

244 966 280 1025 ut
303 959 449 1026 codicum
473 958 629 1043 originem
651 978 833 1055 nexumque
862 959 1074 1046 respicientes
1098 958 1352 1046 conspirantium
1375 957 1471 1025 libro·

243 1086 313 1133 rum
334 1063 474 1151 EVM,
498 1086 563 1132 nou
586 1066 687 1133 solius
711 1066 907 1133 VaticaniD
931 1066 1125 1134 auctoritate
1147 1066 1332 1132 memoriam
1356 1064 1468 1131 arche·

243 1175 357 1260 typiY
379 1172 598 1242 restituamus.
645 1172 741 1251 Quod
763 1174 792 1241 si
815 1173 942 1260 laudas,
966 1175 1143 1261 archetypo
1159 1173 1310 1241 Vaticani
1325 1174 1355 1239 D
1370 1174 1470 1240 verba

243 1284 366 1367 quidem
388 1284 469 1367 quod
489 1304 577 1348 nemo
601 1302 642 1349 ex
665 1281 789 1347 familia
812 1282 842 1348 X
866 1282 1087 1368 superscripta
1110 1280 1251 1366 indeque
1274 1281 1316 1347 ab
1339 1299 1470 1346 amanu-

244 1408 322 1456 ense
338 1390 461 1458 codicis
475 1389 506 1455 D
530 1409 589 1476 pro
612 1387 844 1456 consuetudine
859 1389 958 1455 etiarn
972 1389 1049 1455 alibi
1075 1388 1249 1456 manifesta
1264 1388 1403 1456 sermoni
1426 1387 1470 1454 in-

125 1482 129 1489 ’
243 1503 333 1564 serta
347 1518 421 1566 esse
441 1496 500 1563 tibi
523 1496 746 1583 persuadebis.
785 1496 840 1563 Sic
862 1497 994 1563 reicitur
1017 1498 1114 1564 etiam
1130 1516 1169 1563 ea
1184 1516 1293 1583 causa,
1318 1516 1383 1581 qua
1398 1495 1471 1561 Din-

246 1604 320 1672 dius
344 1604 385 1671 de
400 1604 594 1671 VaticaniD
619 1603 892 1672 contaminatione
915 1604 1063 1671 hocloco
1088 1604 1226 1689 cogitari
1249 1624 1347 1690 posse
1360 1610 1470 1689 negat.

247 1713 331 1780 Nam
355 1734 426 1779 cum
448 1734 480 1799 p.
496 1716 538 1781 21
564 1720 676 1780 censet
698 1711 843 1779 codicem
866 1713 897 1778 D
924 1712 973 1779 »si
996 1734 1037 1781 ex
1059 1712 1088 1778 A
1111 1718 1200 1779 esset
1223 1710 1471 1796 contaminatus,

248 1819 281 1886 id
306 1820 391 1906 quod
416 1841 561 1888 seorsum
584 1841 605 1886 a
628 1840 708 1887 suae
732 1828 842 1886 sectae
865 1820 1068 1887 consortibus
1090 1821 1262 1906 praeberet
1285 1838 1384 1905 supra
1401 1837 1471 1885 ver·

245 1949 316 1995 sum
346 1927 560 1995 exhibiturum
589 1925 723 2007 fuisse«,
751 1926 909 1994 lectiones
937 1949 977 1995 ex
1001 1928 1107 1995 classe
1129 1928 1159 1993 X
1186 1932 1333 2013 sumptas
1361 1926 1471 1992 arebe-

244 2042 323 2123 typo
346 2034 442 2103 buius
465 2035 549 2121 libri,
578 2035 665 2120 quod
688 2036 718 2101 ei
743 2055 816 2101 eurn
840 2033 991 2102 Gudiano
1019 2054 1186 2101 commune
1214 2041 1274 2121 est,
1303 2034 1373 2101 sine
1400 2033 1468 2100 ulla

244 2142 438 2211 difficultate
461 2143 557 2209 tribui
580 2164 645 2209 non
667 2142 835 2209 intellexit.

331 2269 480 2336 Eandem
503 2289 577 2336 esse
599 2274 747 2335 naturam
771 2268 960 2354 scripturae.
985 2287 1069 2352 quae
1093 2287 1143 2354 cp.
1158 2268 1235 2336 302
1259 2266 1292 2333 in
1307 2266 1467 2335 Vaticano

243 2375 273 2441 D
298 2376 479 2444 exhibetur:
513 2414 627 2469 qm„

513 2490 627 2552 vocatia
649 2485 707 2551 AB
729 2487 863 2551 vocantia
885 2483 915 2548 D
938 2491 1046 2550 ooccat
1068 2481 1205 2569 ΕΜΔ,

244 2609 461 2679 Baehrensius
489 2612 523 2678 in
545 2613 774 2679 commentario
803 2610 915 2677 critico
939 2607 1091 2676 editionis
1113 2631 1146 2696 p.
1171 2611 1214 2678 45
1241 2610 1324 2676 bene
1348 2607 1467 2678 docuit.

334 2735 639 2823 Locoptetissimum
662 2745 770 2804 autern
794 2735 1013 2804 testimonium
1036 2733 1307 2821 deprehendimus

605 2865 657 2932 cp.
682 2847 781 2914 3723
803 2845 959 2910 habendus
983 2851 1026 2910 est
1048 2841 1105 2908 AB

807 2961 852 3017 eat
873 2953 1029 3018 bobendas
1051 2950 1081 3015 D

806 3060 963 3124 habendus
985 3055 1123 3140 uv20d.

332 3181 402 3248 Hoc
434 3181 518 3250 enim
549 3183 621 3250 loco
653 3183 801 3250 voculam
832 3192 877 3248 eet
909 3190 945 3249 ut
978 3183 1010 3248 in
1043 3181 1193 3248 Vaticani
1228 3182 1258 3246 D
1290 3180 1467 3269 archetypo

243 3290 494 3377 superscriptam
531 3289 631 3357 tuisse
665 3311 705 3357 ex
741 3297 865 3356 mutato
901 3291 1071 3357 verborum
1109 3288 1230 3374 ordine,
1267 3288 1314 3355 ita
1346 3309 1468 3356 correc-

241 3398 321 3464 toris
349 3399 459 3464 manui
487 3396 599 3466 deberi
627 3419 668 3466 ex
695 3405 875 3464 ceterorum
908 3395 1054 3464 familiae
1076 3396 1106 3462 Y
1134 3394 1281 3464 codicum
1309 3416 1468 3464 consensu

243 3507 356 3572 elucet.
403 3505 509 3590 Atque
536 3526 609 3572 cunr
637 3505 688 3572 his
716 3505 845 3590 quidem
875 3505 970 3572 iocis:
1005 3507 1090 3591 124,
1121 3506 1227 3590 1223,
1257 3507 1355 3573 2323
1379 3504 1467 3571 Vati·

127 3607 134 3622 '
242 3633 342 3681 canus
375 3615 404 3679 D
442 3615 512 3681 solo
546 3634 619 3680 cum
649 3612 803 3680 Leidensi
837 3611 1028 3697 consentiat,
1066 3631 1138 3678 eum
1170 3612 1223 3696 qui
1255 3611 1404 3688 Vaticani
1436 3612 1467 3677 D

249 3721 459 3808 archetypum
481 3722 630 3788 exaravit
653 3719 843 3787 codicemB
865 3720 928 3800 vel,
953 3721 1039 3805 quod
1056 3723 1162 3799 1223,
1178 3722 1275 3788 2328
1299 3718 1470 3786 ostendere

240 3827 399 3907 videntur,
431 3829 501 3896 eius
523 3835 690 3915 parentem
713 3827 899 3914 inspexisse
916 3827 1056 3910 conicio.
1103 3827 1257 3913 Exceptis
1280 3827 1356 3907 iltis,
1384 3847 1466 3911 quos

242 3956 341 4022 supra
369 3936 473 4002 fusius
500 3937 720 4021 tractavimus,
750 3935 831 4002 locis
858 3934 1032 4001 lectionum
1059 3933 1141 4000 libro
1166 3933 1196 3999 D
1224 3954 1296 4000 oum
1324 3941 1414 4001 secta
1436 3933 1466 4000 X

243 4043 457 4110 communium
480 4044 564 4110 bauo
587 4045 754 4132 composui
776 4043 935 4110 tabulam:

630 4189 718 4254 ABD
1213 4183 1343 4270 33,οΔ

241 4295 318 4363 dial.
348 4299 423 4365 217
470 4294 509 4362 ca
627 4287 630 4294 ¹
1093 4296 1176 4360 mont

349 4406 424 4472 112
464 4412 583 4489 parant
601 4410 725 4488 peram
739 4402 784 4482 D)
802 4405 877 4487 qaid
894 4405 974 4468 onim
992 4423 1040 4468 me
1088 4409 1209 4489 pereat
1231 4405 1312 4468 cratm
1331 4403 1405 4486 quid
1417 4425 1466 4469 me

349 4514 445 4579 1212
468 4521 497 4578 et
517 4515 608 4578 oratis
1092 4517 1121 4576 et
1143 4531 1182 4575 eu
1205 4511 1295 4575 motis

351 4621 451 4688 1636
472 4623 593 4686 uidetur
605 4618 665 4685 AD
687 4628 786 4685 uerter
799 4617 826 4682 B
841 4625 918 4696 (este
932 4618 965 4683 iu
978 4616 1037 4701 lit)
1090 4625 1188 4684 emtor

351 4728 450 4795 luae
463 4733 622 4811 fateretur
1083 4725 1245 4808 fatebatur
