3459 5200
1042 555 1084 622 ὅθ

1084 647 1166 654 ..·——·

482 769 640 850 strophas
672 767 771 832 nullis
803 768 893 832 notis
923 766 1119 831 distinxisse
1147 771 1304 848 putemus
1333 783 1473 832 necesse
1499 771 1553 831 est.
1585 766 1616 828 ll

487 873 598 937 nullus
629 871 755 948 dubito,
785 871 875 953 quin,
906 890 981 936 cum
1008 870 1155 953 primum
1189 875 1288 935 notas
1310 871 1468 935 metricas
1494 871 1525 933 in
1544 889 1618 933 usum

486 979 692 1057 receperunt,
721 978 800 1038 ante
823 974 937 1038 omnia
959 973 1175 1055 stropharum
1198 973 1456 1055 responsionem
1484 973 1563 1037 notis
1581 991 1618 1035 re

481 1077 781 1159 praesentaverint.
832 1077 901 1141 Iam
928 1076 1191 1159 Aristophanem
1220 1077 1416 1159 Byzantium
1444 1076 1485 1140 de
1506 1095 1619 1157 respou-

480 1180 575 1244 sione
604 1180 810 1264 quaesivisse
839 1179 1054 1262 cognoscitur
1083 1199 1124 1244 ex
1153 1180 1258 1244 schol.
1288 1180 1385 1244 Pind.
1415 1179 1465 1244 Ol.
1489 1179 1569 1243 1148
1586 1200 1619 1259 p·

479 1282 577 1349 λέοντι
611 1283 646 1348 ut
678 1283 810 1347 Μοῦσαι·
939 1281 973 1346 τὸ
1002 1282 1106 1349 κῶλον
1138 1282 1229 1346 rouro
1272 1280 1386 1346 ἀθετεῖ
1412 1280 1620 1367 Ἀριστοφάνης·

479 1385 662 1470 περιττεύειν
683 1385 745 1471 γὰρ
768 1379 844 1451 αὐτό
872 1406 949 1470 φησι
976 1384 1054 1470 πρὸς
1076 1377 1334 1470 ἀντιστρόφουςῑ),
1358 1391 1457 1469 atque
1481 1387 1575 1451 etiam
1591 1403 1621 1446 er
1672 1370 1673 1407 ³

479 1491 538 1570 eis,
562 1509 647 1574 quae
668 1491 875 1572 Hephaestio
899 1491 940 1555 de
964 1489 1167 1555 carminibus
1191 1489 1302 1572 lyricis
1325 1490 1434 1568 docet,
1464 1491 1527 1554 hoc
1554 1491 1621 1551 certe

481 1594 703 1658 concluserim
728 1594 877 1674 singulas
901 1595 1059 1676 strophas
1088 1593 1122 1657 in
1151 1592 1456 1658 Alexandrinorum
1491 1591 1623 1657 editioni·
1672 1582 1673 1603 ¹

431 1701 434 1706 '
480 1699 543 1762 bus
576 1697 752 1761 distinctas
776 1697 881 1762 luisse
903 1697 994 1761 notis
1018 1697 1233 1780 quibusdam
1257 1696 1297 1761 cf.
1322 1697 1423 1761 etiam
1445 1718 1478 1780 p.
1501 1697 1530 1760 X
1552 1695 1623 1759 1-2.
1672 1690 1673 1759 l

477 1800 572 1865 noue
607 1801 696 1883 quoe
730 1801 765 1864 n
793 1800 1092 1865 nonenoeane
1121 1800 1174 1864 en
1197 1800 1251 1865 vu
1278 1820 1310 1882 p.
1334 1800 1411 1875 sae,
1445 1801 1465 1862 5
1495 1815 1625 1864 aversam
1672 1772 1673 1823 l

477 1904 709 1968 obelisrnenen
739 1902 820 1984 poni
849 1901 1099 1984 praescribitur,
1123 1901 1278 1985 quotiens
1304 1901 1464 1983 strophae
1488 1901 1625 1965 antistro
1672 1938 1673 1987 ;

476 2008 563 2089 phos
586 2005 759 2083 inferatur,
784 2005 950 2070 concedes
972 2004 1192 2069 Heliodorum
1215 2004 1250 2069 in
1273 2003 1472 2069 colometria
1495 2005 1538 2070 ad
1558 2008 1629 2067 stro·

476 2112 618 2194 pharum
647 2109 888 2191 responsiones
919 2108 1117 2172 indicandas
1145 2113 1226 2173 nota
1254 2127 1368 2173 carere
1390 2128 1460 2174 non
1484 2109 1627 2192 potuisse.
1672 2116 1673 2183 l

479 2214 617 2279 Duobus
639 2213 722 2278 locis
752 2218 843 2277 reete
872 2217 972 2278 notae
1002 2215 1154 2276 servatae
1188 2216 1268 2276 sunt
1294 2232 1402 2295 neque
1430 2212 1523 2295 quod
1544 2207 1631 2275 aliis'l

478 2317 718 2383 interciderunt
756 2316 949 2395 mirabitur,
984 2317 1041 2399 qui
1075 2335 1175 2397 quam
1203 2316 1301 2382 facile
1333 2317 1398 2381 hae
1430 2316 1629 2398 potissimum
1672 2334 1673 2397 ν

480 2426 579 2486 notae
602 2422 740 2486 interire
763 2420 935 2503 potuerint
951 2439 1064 2485 secum
1086 2420 1299 2501 reputaverit.

567 2526 604 2589 In
626 2523 827 2607 paragraphi
843 2522 944 2605 igitur
965 2543 1028 2588 usu
1051 2523 1178 2586 nullum
1202 2523 1341 2586 interest
1356 2522 1541 2587 discrimen
1563 2522 1634 2584 inter
1672 2518 1673 2567 l

480 2630 718 2695 Heliodoream
746 2632 845 2711 atque
873 2628 1181 2709 Hephaestioneam
1223 2628 1405 2691 doctrinas.
1463 2628 1635 2707 Praecepta
1672 2653 1673 2672 1

485 2733 759 2814 Hephaestionea
782 2732 975 2795 observanti
999 2732 1034 2794 in
1057 2730 1163 2813 dyade
1178 2731 1457 2813 monostropbiea
1479 2731 1565 2795 Aah.
1585 2728 1635 2792 aar
1672 2755 1673 2762 ν

480 2838 581 2901 -301
612 2841 691 2919 post
717 2854 851 2899 versum
880 2835 940 2899 291
971 2834 1202 2916 paragraphus
1232 2837 1265 2897 et
1288 2832 1377 2915 diple
1400 2833 1463 2896 ἔσω
1485 2840 1636 2898 νενευκυῖα

484 2940 727 3005 adscribendae
743 2944 849 3004 erant.
886 2938 923 3003 ln
947 2937 1077 3001 scholio
1093 2935 1295 3001 Heliodoreo
1314 2938 1424 3002 nullae
1440 2942 1546 3004 uotae
1563 2956 1639 3002 corn·

477 3048 715 3108 memorantur.
761 3042 831 3106 Etsi
866 3061 921 3105 res
955 3045 1047 3105 certo
1081 3045 1276 3122 argumento
1309 3040 1490 3123 disceptari
1525 3040 1637 3123 nequit.

477 3146 653 3229 probabile
675 3151 789 3210 tamen
812 3143 944 3208 videtur
965 3143 1184 3208 Heliodorum
1205 3147 1242 3207 ut
1265 3143 1324 3226 Eq.
1341 3144 1403 3208 973
1427 3144 1475 3208 sic
1493 3145 1556 3209 hic
1570 3162 1642 3226 quo·

480 3270 544 3334 que
567 3250 640 3313 sola
661 3248 872 3331 paragrapho
894 3266 993 3311 usum
1017 3266 1093 3311 esse
1115 3251 1149 3310 et
1171 3247 1285 3329 diplen
1308 3246 1371 3310 ἔσω
1385 3256 1572 3312 νενευκυῖαν
1586 3248 1640 3311 He

475 3352 668 3435 phaestioni
703 3351 837 3414 demum
870 3350 995 3427 deberi,
1029 3349 1063 3413 id
1092 3350 1182 3432 quod
1210 3350 1298 3414 infra
1332 3350 1432 3415 etiam
1466 3348 1643 3417 dilucidius

476 3454 690 3537 apparebil.³)

561 3559 636 3623 Non
670 3576 818 3639 pugnare
854 3556 963 3638 diplae
997 3554 1055 3632 ἔξω
1089 3554 1265 3632 νενευκυίας
1293 3576 1390 3621 usum
1418 3557 1645 3639 Hephaestio·

478 3681 576 3727 neum
612 3681 686 3725 cum
721 3660 924 3724 Heliodoreo
955 3678 1056 3740 supra
1086 3659 1327 3739 demonstravi,
1358 3679 1472 3724 verum
1497 3661 1643 3726 eundem

565 3814 584 3885 ¹)
604 3814 785 3869 Commodum
797 3814 877 3867 video
897 3814 931 3866 de
951 3814 1049 3866 eodem
1067 3812 1174 3866 scholio
1188 3813 1324 3866 disserere
1336 3813 1587 3869 Wilamowitzium
1600 3816 1617 3866 l.
1629 3830 1647 3863 r.

475 3920 501 3971 p.
522 3903 579 3957 142.

561 3990 583 4059 ¹)
601 3990 632 4043 In
656 4004 769 4042 censum
792 3988 905 4041 veniunt
928 3987 1015 4041 schol.
1039 3987 1104 4041 Pac.
1130 3988 1189 4041 775.
1215 3988 1289 4041 1329.
1325 3988 1375 4055 Eq.
1400 3990 1476 4042 1111.
1495 3989 1574 4043 Aah.
1595 3990 1649 4042 Qu,

475 4078 534 4131 929.
554 4077 629 4130 tall.

565 4164 585 4233 ⁸)
603 4164 789 4217 Personarum
807 4167 889 4217 notas
908 4162 935 4216 in
949 4162 1074 4215 versibus
1086 4162 1253 4226 ineuntibus,
1272 4168 1353 4216 notas
1370 4162 1499 4215 metricas
1521 4165 1557 4218 in
1572 4167 1651 4218 versi-

475 4253 527 4307 bus
546 4251 708 4305 exeuntibus
731 4250 837 4319 positas
861 4250 947 4304 luisse
970 4266 1083 4303 censere
1107 4250 1237 4312 solemus,
1262 4255 1291 4303 at
1312 4250 1534 4317 Hephaestionis
1563 4253 1652 4306 verbi—

477 4358 502 4409 p.
521 4339 593 4393 XXX
613 4341 645 4393 16
664 4368 697 4377 -
715 4338 835 4391 xxxta
859 4338 1007 4405 significari
1031 4339 1140 4391 ridetur
1162 4354 1258 4391 omnes
1282 4342 1363 4391 notas
1386 4338 1489 4406 pariter
1514 4338 1551 4393 in
1574 4342 1656 4393 versi-

475 4425 528 4479 bus
550 4424 709 4478 ineuntibus
733 4424 868 4492 ascriptas
891 4424 977 4477 luisse
1000 4422 1117 4477 similem
1140 4425 1168 4477 in
1191 4424 1303 4478 modum
1327 4429 1410 4492 atque
1429 4429 1614 4495 paragraphi
1633 4428 1655 4479 ie

475 4511 550 4566 cml
568 4514 627 4565 319.
645 4511 704 4573 322,
723 4510 752 4563 in
770 4510 916 4579 Hyperidis
936 4527 1048 4579 papyro,
1065 4512 1170 4579 dequo
1186 4511 1249 4564 vide
1269 4510 1387 4568 HDiels
1405 4511 1433 4564 in
1452 4511 1659 4581 Sitzungsber

476 4600 502 4653 d.
520 4599 592 4653 Berl.
611 4598 697 4651 Akad.
718 4598 786 4651 1889
803 4615 829 4666 p.
848 4599 907 4662 663,
926 4598 1003 4653 alias.
