3459 5200
621 557 816 654 „AL

142 763 324 829 rationibus
343 764 627 847 respondentibus
648 769 828 848 praecepta
850 766 1036 838 adiecerit..
1054 768 1123 832 Sed
1138 773 1171 833 et
1186 769 1227 833 de
1243 771 1307 835 hac

142 887 177 932 re
199 872 233 933 et
255 868 295 932 de
319 869 376 933 illa
398 867 537 932 notione
560 888 661 952 quarn
690 870 849 952 strophae
876 869 1058 936 vindicavit
1078 872 1215 938 Cnrsius
1238 873 1259 938 1.
1278 893 1306 938 0.

139 991 170 1054 p.
196 972 250 1048 19,
279 989 362 1053 quae
389 971 441 1035 vis
469 971 580 1053 potius
609 973 749 1054 periodo
779 973 931 1038 subiecta
960 995 1035 1039 esse
1056 976 1202 1054 videtur,
1232 996 1307 1042 cum

141 1075 279 1158 stropha
294 1074 477 1158 antiquitus
494 1093 568 1140 curn
590 1076 805 1159 antistropha
828 1078 1008 1142 coniuncta
1029 1078 1138 1156 luerit,
1161 1080 1306 1146 sortasse

142 1179 225 1245 alias
247 1179 398 1262 pluribus
422 1179 661 1260 disputabitur,
692 1201 781 1245 nunc
808 1181 874 1246 hoc
900 1202 1004 1248 unum
1032 1184 1214 1248 adnotasse
1240 1185 1306 1248 sul-

139 1281 227 1348 liciat
249 1302 318 1347 101
342 1301 459 1348 omnes
489 1283 564 1348 illos
595 1284 688 1350 locos
724 1288 814 1349 recta
847 1285 901 1350 via
929 1306 969 1350 ex
996 1287 1182 1352 Ptolemaei
1209 1288 1305 1352 libris

139 1405 214 1452 esse
237 1385 410 1466 deductos,
433 1387 494 1452 sed
516 1392 685 1470 receptam
714 1387 817 1452 luisse
839 1389 1025 1455 Ptolemaei
1048 1390 1306 1473 explicationem

138 1511 159 1556 a
182 1490 344 1573 scriptore
367 1490 522 1574 quodam,
547 1490 603 1574 qui
624 1492 850 1574 posteriorum
875 1494 1085 1559 saeculorum
1112 1495 1306 1561 homiuibus

137 1594 318 1660 admodum
341 1593 376 1658 in
407 1593 536 1659 deliciis
563 1593 672 1658 tuerit.
722 1593 770 1657 De
799 1594 982 1660 Heliodoro
1010 1601 1148 1680 propter
1175 1602 1305 1680 tempo·

138 1718 211 1763 1111
243 1697 409 1763 rationem
442 1698 497 1762 vix
532 1697 746 1780 cogitaverim
785 1703 903 1763 contra
938 1699 983 1764 ad
1018 1701 1304 1783 Hephaestionem

135 1800 314 1886 praecipue
343 1803 488 1866 Ioannes
516 1802 676 1867 Siceliota
703 1803 744 1866 Vl
775 1803 845 1880 118,
875 1803 914 1867 16
943 1824 1016 1887 sqq.
1050 1824 1114 1869 uos
1147 1825 1305 1871 revocare

136 1904 312 1988 11101111).
366 1903 480 1987 Neque
515 1904 644 1970 scholia
677 1905 871 1984 Pindarica,
909 1908 1029 1989 quibus
1063 1927 1145 1972 usus
1179 1914 1231 1973 est
1263 1911 1304 1974 is.

135 2011 285 2087 Tzetzes‚
307 2027 417 2092 neque
440 2008 569 2074 metrici
597 2008 694 2073 latini
722 2029 832 2092 neque
859 2011 1049 2077 Demetrius
1079 2012 1261 2077 Triclinius
1283 2035 1305 2077 a

134 2113 290 2179 doctrina
303 2111 577 2195 Hephaestionea
597 2113 793 2177 abhorrent.
829 2113 928 2178 Nulla
950 2133 1026 2178 cum
1047 2115 1185 2198 reliquis
1208 2117 1305 2181 testi-

133 2216 259 2282 moniis
283 2215 483 2298 cognatione
506 2215 723 2280 continentur
749 2216 856 2300 Etym.
884 2218 926 2282 M.
957 2238 983 2281 a.
1006 2238 1036 2282 1.
1064 2213 1238 2303 προσῴδιον
1271 2224 1304 2284 01

131 2323 296 2385 tractatus
319 2339 339 2384 a
360 2319 508 2384 Nauckio
532 2319 552 2384 1.
577 2338 604 2382 0.
629 2320 748 2384 editus.

219 2423 382 2488 Victorini
404 2424 475 2506 cept
495 2419 672 2508 ποιήματος
691 2424 881 2491 doctrinam
902 2426 1175 2507 Hephaestionea
1197 2427 1302 2492 multo

132 2545 210 2593 esse
234 2525 474 2609 simpliciorem
498 2526 628 2591 censuit
648 2527 955 2611 601111010146,
979 2549 1040 2612 ego
1062 2530 1160 2595 aliter
1182 2530 1302 2595 sentio.
1395 2524 1397 2527 ’

130 2632 227 2711 Quae
254 2652 286 2713 p.
316 2630 367 2709 56,
390 2630 544 2709 aa-57‚
567 2631 587 2696 5
614 2632 769 2714 leguntur
796 2652 864 2697 uno
893 2639 1003 2698 κοινῶν
1029 2654 1151 2717 genere
1174 2636 1301 2701 omisso

129 2736 175 2801 ab
197 2734 448 2817 Hephaestione
472 2734 664 2811 discedunt;
693 2755 778 2818 quae
802 2736 843 2800 dc
866 2737 1015 2819 epodicis
1039 2742 1072 2802 et
1095 2738 1300 2803 carminibus

128 2835 216 2903 κατὰ
247 2834 421 2921 capracora-dv
448 2837 661 2902 aVictorino
695 2839 889 2918 traduntur,
918 2839 1170 2922 Hephaestione
1199 2842 1300 2907 etiam

128 2942 297 3025 ampliora
320 2944 354 3005 01
376 2940 585 3006 intricatiora
613 2947 701 3007 sunt.
752 2942 850 3021 Quod
877 2944 1151 3025 Hephaestionea
1179 2946 1300 3010 carmi·

127 3067 213 3111 num
243 3044 534 3128 systematicorum
564 3044 683 3109 divisio
715 3046 819 3125 deest,
854 3066 924 3111 non
957 3053 1026 3112 tam
1059 3068 1180 3131 graeco
1214 3050 1300 3114 fonti

127 3168 232 3234 quarn
254 3147 450 3232 Aphthouio
476 3148 529 3211 101
552 3148 623 3213 eius
647 3149 775 3214 auctori
798 3150 968 3230 dabimus,
997 3152 1053 3234 qui
1082 3153 1236 3217 consulto
1260 3174 1299 3217 ea

124 3256 277 3329 tantum,
312 3270 396 3335 quae
430 3251 495 3332 ipsi
528 3251 726 3334 gravissima
760 3253 975 3332 videbantur,
1009 3254 1044 3318 in
1078 3254 1184 3319 libros
1218 3276 1298 3321 suos

124 3355 313 3423 transtulit.
347 3354 553 3437 Hephaestio
569 3375 685 3421 versus
702 3356 872 3439 apodicos,
889 3355 1029 3442 tpdpvra,
1045 3344 1299 3443 ἐπιφθεγματικοὶ

123 3460 275 3539 addidit,
303 3462 340 3523 ut
367 3459 461 3523 varia
488 3457 548 3523 τῶν
576 3454 831 3545 ἅναφωνημσὶτων
859 3461 904 3543 (p.
930 3462 1059 3526 1111117
1083 3462 1148 3545 sq.)
1174 3484 1298 3545 genera

122 3563 322 3646 explicaret,
339 3562 529 3627 Victorinus
548 3583 614 3646 qua
635 3562 689 3627 via
711 3564 754 3628 ad
777 3560 907 3648 ἐφύμνια
929 3564 974 3647 (p.
990 3566 1043 3645 59,
1060 3566 1115 3648 11)
1138 3567 1296 3649 delapsus

122 3668 189 3745 sit,
222 3666 347 3749 optimc
382 3666 599 3747 intellegitur,
634 3667 663 3731 si
692 3668 870 3732 statuimus
904 3668 938 3731 in
968 3667 1039 3732 eius
1072 3669 1165 3734 lonte
1193 3671 1296 3736 fuisse

119 3772 226 3855 plura
263 3788 368 3851 eaque
404 3769 664 3852 Hephaestionis
702 3772 908 3836 enarrationi
953 3772 1084 3837 similia.
1139 3773 1188 3837 De
1221 3776 1296 3839 uni-

119 3892 245 3939 versae
279 3871 453 3937 doctrinae
483 3873 592 3938 causis
625 3874 910 3956 incrementisque
937 3895 979 3939 ex
1007 3875 1180 3940 Victorino
1211 3877 1296 3942 nihil

118 3978 196 4043 fere
228 3976 399 4043 discimus.
449 3975 497 4040 De
532 3977 717 4041 carminum
750 3975 833 4041 κατὰ
866 3976 972 4062 στίχον
1001 3983 1034 4043 01
1059 3980 1296 4064 συστηματικῶν

117 4078 346 4146 distinctione
369 4079 436 4143 iam
459 4080 520 4161 egi.
565 4078 657 4158 Quae
681 4081 722 4146 de
751 4082 911 4164 strophae
939 4081 1172 4164 antistrophae
1195 4084 1294 4165 epodi

114 4182 402 4268 pronuntiatione
425 4182 649 4266 proteruntur,
673 4204 713 4248 ex
737 4184 818 4249 solis
843 4184 1036 4250 nominibus
1057 4206 1078 4249 a
1097 4186 1294 4272 posteriori-

114 4291 188 4353 bus
214 4306 289 4351 esse
317 4285 465 4351 derivata
495 4306 569 4351 cum
599 4286 716 4352 Cmsio
744 4288 777 4369 (1.
803 4308 829 4352 0.
852 4308 884 4371 p.
910 4288 963 4370 14)
991 4289 1183 4367 consentio,
1219 4310 1293 4355 cum

214 4531 236 4601 ¹)
254 4530 471 4585 Commentarius
495 4546 550 4599 quo
573 4530 715 4598 Longinus
733 4530 949 4601 Hephaestionis
966 4531 1147 4586 enchiridium
1166 4532 1294 4589 instruxit

111 4636 209 4688 saepe
228 4618 263 4671 ab
281 4616 463 4685 Hermogenis
481 4617 639 4673 scholiastis
658 4617 810 4685 exscriptus
829 4624 879 4672 est.
