3459 5200
926 574 1054 670 ”48

535 779 626 844 Idem
649 783 702 844 est
729 799 853 844 nomen
881 780 935 843 τοῦ
957 779 1070 864 ,γένους
1098 780 1152 844 τοῦ
1175 779 1333 865 ἐπμδικοῦ
1361 786 1395 846 et
1421 787 1476 846 τοῦ
1505 782 1603 857 εἴδους,

453 883 543 965 quod
567 884 610 947 ad
633 882 714 959 εἶδος
730 883 854 966 optime
871 885 1028 967 quadrat3
1051 884 1130 948 inde
1144 885 1188 948 ad
1201 884 1290 969 γένος
1311 886 1460 967 transiit,
1484 885 1602 951 etiamsi

448 987 507 1068 eie,
542 1007 682 1070 quorum
718 986 846 1069 species
882 991 962 1052 sunt
989 985 1164 1072 panophaei,
1199 986 1377 1072 προῳδικοί,
1410 984 1601 1072 peroptet,

447 1085 627 1174 περιῳδυοοί,
663 1110 761 1173 quam
795 1111 865 1155 non
901 1093 944 1156 sit
977 1091 1268 1156 accommodatum
1308 1111 1433 1156 nomen
1474 1089 1604 1176 ἐπμδυυί

446 1197 548 1274 patet.
592 1194 666 1258 Una
689 1212 763 1257 cum
787 1195 925 1258 nomine
947 1194 1111 1259 translata
1133 1198 1186 1259 est
1216 1193 1380 1272 definitio,
1416 1195 1463 1258 ita
1490 1201 1604 1270 tamen,

449 1299 486 1360 ut
508 1295 697 1361 differentia
719 1297 858 1361 levicula
882 1316 951 1361 non
975 1298 1072 1375 desit,
1096 1315 1172 1361 cum
1194 1297 1230 1360 iu
1247 1298 1371 1379 speciei
1388 1298 1604 1380 descriptione

449 1400 647 1464 vocabulum
664 1395 854 1484 ποτήμασιν
876 1420 981 1483 aeque
1004 1401 1179 1465 omittatur
1200 1405 1300 1483 atque
1323 1401 1358 1464 in
1373 1400 1602 1483 pruodicorum

448 1507 547 1584 atque
575 1503 824 1568 mesodicorum
851 1504 1133 1568 enarrationibus,
1183 1503 1319 1567 Minime
1356 1509 1470 1568 tamen
1501 1504 1605 1585 generi

449 1608 531 1670 haec
555 1607 732 1688 explicatio
757 1608 922 1673 convenit.
967 1608 1051 1674 Nam
1080 1607 1158 1671 licet
1184 1608 1288 1672 verbo
1317 1605 1524 1691 ἐπιφέρεσθαι
1548 1608 1604 1671 vim

412 1729 414 1733 ’
448 1731 517 1775 uon
540 1712 679 1774 subesse
708 1710 865 1788 addendi,
895 1711 956 1774 sed
985 1711 1019 1774 in
1047 1711 1112 1774 fine
1136 1711 1359 1792 subiungendi
1382 1710 1605 1792 neglexeris,¹t

449 1815 482 1877 in
516 1813 716 1894 palinodicis
750 1813 996 1896 periodicisqne
1026 1813 1230 1877 carminibus
1260 1815 1399 1878 minime
1422 1811 1606 1898 συστήμασιν

447 1913 563 2002 ὁμοίοις
574 1915 707 1980 additur
724 1913 870 2000 ἀνόμοιόν
885 1937 923 1999 τι,
946 1917 1006 1981 sed
1023 1936 1155 1998 semper
1170 1916 1397 1998 adiungoiutur
1419 1919 1485 1982 duo
1509 1923 1608 2001 syste-

448 2023 537 2084 mata
570 2039 590 2082 a
624 2019 744 2083 ceteris
779 2020 922 2084 diversa.
972 2020 1065 2097 Quae
1093 2020 1184 2102 quod
1206 2021 1242 2084 in
1264 2019 1397 2100 generis
1420 2020 1607 2086 definitione

446 2143 487 2186 ne
511 2124 612 2187 verbo
636 2123 770 2205 quidem
794 2125 1023 2205 significantur
1045 2143 1143 2205 aegre
1166 2123 1314 2188 serimus.

531 2226 599 2291 Sed
633 2227 815 2291 maioribus
850 2226 1100 2291 difficultatibus
1134 2226 1298 2291 obstricta
1332 2231 1385 2291 est
1407 2227 1534 2310 speciei
1556 2228 1608 2291 de·
1685 2286 1686 2289 ,

446 2329 593 2410 scriptio,
617 2330 724 2412 qualis
754 2329 788 2392 in
817 2330 989 2394 codicibus
1012 2330 1141 2411 legitur.
1185 2326 1281 2412 Τριοὶς
1304 2326 1444 2414 ἐπῳδική
1472 2331 1610 2395 efficitur

446 2452 513 2497 una
540 2433 699 2514 pericopa
727 2433 899 2497 extribus
928 2433 1119 2515 systematis
1149 2437 1339 2497 constante.
1391 2433 1479 2514 Ergo
1507 2438 1609 2498 tetras

445 2541 497 2601 est
530 2540 685 2619 quattuor
708 2540 926 2619 systematum
949 2535 1141 2601 coniunctio
1175 2535 1368 2601 huiusmodi
1401 2537 1430 2601 A
1457 2539 1487 2602 A
1515 2541 1548 2603 A
1576 2538 1610 2613 Β,

444 2644 564 2723 pentas
599 2640 744 2722 quinque
776 2640 856 2704 ΑΑ
881 2641 908 2704 Α
929 2641 958 2705 Α
981 2640 1018 2703 Β.
1070 2640 1138 2705 Sed
1170 2639 1206 2703 iu
1234 2640 1372 2704 Pindari
1406 2641 1610 2705 carminibus

446 2763 530 2825 quae
554 2746 685 2807 servata
708 2746 786 2806 sunt
808 2742 916 2825 iisque
937 2743 981 2805 44
1003 2761 1044 2804 ne
1068 2742 1172 2806 semel
1195 2741 1331 2824 quidem
1347 2762 1448 2824 supra
1468 2743 1610 2808 triadem

447 2846 627 2911 exceditur.
679 2846 778 2909 Tales
807 2845 952 2927 ineptias
983 2865 1058 2909 cum
1086 2846 1128 2910 ab
1156 2845 1408 2927 Hephaestione
1441 2847 1612 2927 profectas

446 2971 520 3016 esse
544 2954 690 3031 negaret,
714 2950 943 3031 Westphalius
971 2953 1079 3012 totum
1106 2950 1307 3031 paragraphi
1336 2950 1462 3015 exitum
1489 2950 1612 3015 iudea

445 3055 556 3120 verbis
579 3052 693 3139 γίνεται
714 3048 775 3137 γοίρ
798 3052 864 3116 κτλ.
884 3054 926 3117 ab
950 3052 1190 3135 interpolatore
1213 3052 1426 3118 subiunctum
1441 3074 1520 3119 esse
1537 3075 1613 3119 ceu·

446 3159 512 3221 suit
533 3158 664 3238 (Metrilr
678 3155 722 3220 ΙΙ2
737 3177 770 3239 p.
786 3158 871 3239 258).
916 3157 960 3220 At
981 3156 1108 3238 optimo
1132 3156 1203 3220 iure
1226 3156 1351 3221 Caesar
1379 3158 1478 3222 etiam
1508 3158 1612 3223 alium

444 3260 697 3343 grammaticum
721 3259 762 3323 de
784 3258 921 3323 Pindari
944 3264 1002 3323 aut
1023 3260 1208 3324 Simonidis
1232 3260 1436 3323 carminibus
1458 3264 1533 3324 tam
1556 3261 1615 3325 ab·

446 3363 619 3428 horrentia
648 3362 827 3427 averilate
852 3361 1067 3427 contendisse
1091 3362 1232 3443 negavit.
1277 3361 1475 3427 Remedium
1496 3368 1614 3428 tamen

445 3468 487 3531 ab
501 3486 540 3531 eo
553 3467 712 3545 oblatum,
725 3486 790 3548 quo
811 3466 877 3529 iam
889 3466 988 3547 longe
1005 3470 1106 3529 antea
1116 3483 1197 3529 usus
1210 3469 1281 3530 erat
1298 3465 1381 3529 God.
1396 3465 1614 3530 Hermannus

331 3596 333 3599 ·
445 3571 498 3651 (el.
540 3571 569 3634 d.
610 3590 652 3633 m.
685 3590 717 3651 p.
753 3570 844 3653 716),
880 3569 980 3633 nimis
1016 3569 1090 3632 lene
1131 3573 1192 3633 est.
1249 3568 1333 3633 Nam
1374 3569 1505 3633 etiamsi
1542 3571 1615 3652 ple·
1685 3627 1686 3636 ,

447 3674 542 3738 niore
572 3673 787 3737 distinctione
815 3676 894 3755 pust
922 3672 973 3735 ἐπὶ
999 3671 1105 3736 πλεῖον
1132 3675 1294 3753 usurpata
1320 3672 1423 3737 verba
1449 3668 1490 3748 υίς
1513 3669 1616 3756 τοίγε

444 3776 574 3841 πλεῖστα
595 3772 749 3861 Πινδάρου
772 3776 826 3839 καί
849 3774 1019 3861 Σιμωνίδου
1040 3774 1207 3859 πεποίηται
1222 3775 1264 3839 ad
1279 3775 1471 3841 universam
1492 3776 1615 3858 epodi-
1685 3811 1686 3836 l

445 3901 560 3945 corum
589 3880 735 3961 speciem
764 3878 881 3943 referri
910 3898 1012 3961 posse
1033 3896 1211 3959 ponamus,
1233 3879 1337 3942 verba
1358 3882 1473 3943 tamen
1493 3877 1617 3963 γίνεται

443 3984 504 4070 γοὶρ
533 3982 633 4067 ὥςπερ
661 3982 745 4067 τριοὶς
772 3978 922 4066 ἐπῳδική,
951 3976 1031 4045 οὕτω
1053 3982 1108 4045 καί
1130 3980 1238 4065 τετρὰς
1268 3982 1323 4045 καί
1344 3980 1455 4058 πεντὰς
1476 3982 1533 4045 καὶ
1566 3982 1617 4045 ἐπὶ
1685 4011 1686 4018 .

443 4088 564 4169 πλεῖον,
605 4106 680 4151 cum
714 4086 906 4151 huiusmodi
947 4086 1146 4168 compositio
1170 4105 1205 4149 re
1238 4104 1318 4150 vera
1349 4104 1515 4169 nusquam
1551 4106 1619 4151 usu

446 4192 567 4271 veniat,
592 4211 649 4256 cur
671 4191 784 4256 addita
808 4191 876 4255 sint
903 4210 971 4254 non
999 4190 1209 4272 intellegitur.
1253 4190 1345 4253 Idem
1366 4188 1490 4255 utalia
1512 4191 1619 4255 omit·
1685 4231 1686 4234 =

534 4454 552 4522 ¹)
571 4454 601 4507 ln
611 4452 718 4506 scholio
731 4470 756 4519 p.
769 4452 841 4506 XVII
860 4452 893 4505 10
915 4450 1102 4517 scriptumest
1119 4451 1294 4516 προστίθεμεν
1312 4452 1341 4501 δὲ
1364 4453 1413 4501 καί
1429 4450 1460 4501 τό
1473 4443 1618 4515 ἀνόμοιον.

445 4540 615 4609 Hephaestio
636 4540 716 4607 igitur
735 4540 880 4607 scripsisse
898 4539 1005 4591 videtur
1022 4534 1146 4602 ἀνόμοιόν
1164 4554 1187 4587 τι
1205 4540 1387 4603 apocalistae
1406 4552 1502 4589 rocem
1521 4539 1619 4601 ἐπιφέ·
1685 4559 1686 4598 t

445 4645 518 4693 ρεται
539 4633 629 4679 utrum
648 4626 799 4693 excerptori
820 4642 855 4679 an
874 4624 986 4678 librario
1005 4622 1123 4677 tribuam
1141 4624 1261 4676 incertus
1280 4624 1391 4676 haereo.
