<?xml version="1.0" encoding="UTF-8"?>
<!DOCTYPE html PUBLIC "-//W3C//DTD XHTML 1.0 Transitional//EN"
    "http://www.w3.org/TR/xhtml1/DTD/xhtml1-transitional.dtd">
<html xmlns="http://www.w3.org/1999/xhtml" xml:lang="en" lang="en">
 <head>
  <title>
</title>
<meta http-equiv="Content-Type" content="text/html;charset=utf-8" />
  <meta name='ocr-system' content='tesseract 3.04.00' />
  <meta name='ocr-capabilities' content='ocr_page ocr_carea ocr_par ocr_line ocrx_word'/>
</head>
<body>
  <div class='ocr_page' id='page_1' title='image "./detacitosenecae00zimmgoog_0677.png"; bbox 0 0 3459 5200; ppageno 0'>
   <div class='ocr_carea' id='block_1_1' title="bbox 820 799 1049 911">
    <p class='ocr_par' dir='ltr' id='par_1_1' title="bbox 820 799 1049 911">
     <span class='ocr_line' id='line_1_1' title="bbox 820 799 1049 911; baseline -0.009 -25"><span class='ocrx_word' id='word_1_1' title='bbox 820 799 949 911; x_wconf 76' lang='lat' dir='ltr'><strong>caput</strong></span> <span class='ocrx_word' id='word_1_2' title='bbox 980 801 1049 887; x_wconf 80' lang='lat' dir='ltr'><strong>lv.</strong></span> 
     </span>
    </p>
   </div>
   <div class='ocr_carea' id='block_1_2' title="bbox 320 987 1550 1180">
    <p class='ocr_par' dir='ltr' id='par_1_2' title="bbox 320 987 1550 1180">
     <span class='ocr_line' id='line_1_2' title="bbox 320 987 1550 1075; baseline 0.002 -23"><span class='ocrx_word' id='word_1_3' title='bbox 320 988 375 1052; x_wconf 92' lang='lat' dir='ltr'><strong>De</strong></span> <span class='ocrx_word' id='word_1_4' title='bbox 403 987 596 1054; x_wconf 84' lang='lat' dir='ltr'>rhetorum</span> <span class='ocrx_word' id='word_1_5' title='bbox 626 1007 830 1072; x_wconf 90' lang='lat' dir='ltr'><strong>eorumque</strong></span> <span class='ocrx_word' id='word_1_6' title='bbox 858 989 1197 1072; x_wconf 81' lang='lat' dir='ltr'><strong>grammatioorum</strong></span> <span class='ocrx_word' id='word_1_7' title='bbox 1223 987 1454 1074; x_wconf 77' lang='lat' dir='ltr'><strong>praeceptis</strong></span> <span class='ocrx_word' id='word_1_8' title='bbox 1483 991 1550 1075; x_wconf 92' lang='lat' dir='ltr'><strong>qui</strong></span> 
     </span>
     <span class='ocr_line' id='line_1_3' title="bbox 368 1094 1497 1180; baseline 0.002 -22"><span class='ocrx_word' id='word_1_9' title='bbox 368 1094 668 1179; x_wconf 81' lang='lat' dir='ltr'><strong>Byzantiuorum</strong></span> <span class='ocrx_word' id='word_1_10' title='bbox 690 1095 930 1160; x_wconf 79' lang='lat' dir='ltr'><strong>immutatam</strong></span> <span class='ocrx_word' id='word_1_11' title='bbox 952 1094 1310 1180; x_wconf 82' lang='lat' dir='ltr'><strong>pronuntiationem</strong></span> <span class='ocrx_word' id='word_1_12' title='bbox 1333 1101 1497 1162; x_wconf 91' lang='lat' dir='ltr'><strong>tuentur.</strong></span> 
     </span>
    </p>
   </div>
   <div class='ocr_carea' id='block_1_3' title="bbox 286 1251 1549 2510">
    <p class='ocr_par' dir='ltr' id='par_1_3' title="bbox 286 1251 1549 2510">
     <span class='ocr_line' id='line_1_4' title="bbox 408 1251 1549 1340; baseline 0.004 -22"><span class='ocrx_word' id='word_1_13' title='bbox 408 1251 575 1330; x_wconf 82' lang='lat' dir='ltr'><strong>Quomodo</strong></span> <span class='ocrx_word' id='word_1_14' title='bbox 603 1253 764 1320; x_wconf 85' lang='lat' dir='ltr'><strong>vooalium</strong></span> <span class='ocrx_word' id='word_1_15' title='bbox 791 1260 818 1314; x_wconf 86' lang='lat' dir='ltr'>A</span> <span class='ocrx_word' id='word_1_16' title='bbox 831 1257 881 1313; x_wconf 79' lang='grc' dir='ltr'><strong>ΙΥ</strong></span> <span class='ocrx_word' id='word_1_17' title='bbox 913 1274 1064 1321; x_wconf 89' lang='lat' dir='ltr'><strong>mensura</strong></span> <span class='ocrx_word' id='word_1_18' title='bbox 1097 1254 1219 1321; x_wconf 89' lang='lat' dir='ltr'><strong>sensim</strong></span> <span class='ocrx_word' id='word_1_19' title='bbox 1250 1254 1549 1340; x_wconf 75' lang='lat' dir='ltr'><strong>pedetemptimque</strong></span> 
     </span>
     <span class='ocr_line' id='line_1_5' title="bbox 319 1359 1549 1446; baseline 0.002 -20"><span class='ocrx_word' id='word_1_20' title='bbox 319 1361 508 1446; x_wconf 89' lang='lat' dir='ltr'><strong>perturbata</strong></span> <span class='ocrx_word' id='word_1_21' title='bbox 532 1360 575 1428; x_wconf 92' lang='lat' dir='ltr'><strong>sit</strong></span> <span class='ocrx_word' id='word_1_22' title='bbox 597 1367 697 1444; x_wconf 91' lang='lat' dir='ltr'><strong>atque</strong></span> <span class='ocrx_word' id='word_1_23' title='bbox 719 1359 802 1426; x_wconf 87' lang='lat' dir='ltr'><strong>haee</strong></span> <span class='ocrx_word' id='word_1_24' title='bbox 815 1361 997 1426; x_wconf 85' lang='lat' dir='ltr'><strong>immutatio</strong></span> <span class='ocrx_word' id='word_1_25' title='bbox 1011 1361 1058 1426; x_wconf 90' lang='lat' dir='ltr'><strong>ita</strong></span> <span class='ocrx_word' id='word_1_26' title='bbox 1070 1360 1290 1440; x_wconf 86' lang='lat' dir='ltr'><strong>inorobruerit,</strong></span> <span class='ocrx_word' id='word_1_27' title='bbox 1315 1368 1351 1426; x_wconf 90' lang='lat' dir='ltr'><strong>ut</strong></span> <span class='ocrx_word' id='word_1_28' title='bbox 1363 1361 1549 1446; x_wconf 79' lang='lat' dir='ltr'><strong>Byzantina</strong></span> 
     </span>
     <span class='ocr_line' id='line_1_6' title="bbox 317 1467 1549 1554; baseline 0.002 -22"><span class='ocrx_word' id='word_1_29' title='bbox 317 1473 426 1532; x_wconf 90' lang='lat' dir='ltr'><strong>aetate</strong></span> <span class='ocrx_word' id='word_1_30' title='bbox 449 1467 628 1549; x_wconf 85' lang='lat' dir='ltr'><strong>quamlibet</strong></span> <span class='ocrx_word' id='word_1_31' title='bbox 650 1469 766 1551; x_wconf 81' lang='lat' dir='ltr'><strong>auique</strong></span> <span class='ocrx_word' id='word_1_32' title='bbox 787 1467 895 1532; x_wconf 86' lang='lat' dir='ltr'><strong>vooali</strong></span> <span class='ocrx_word' id='word_1_33' title='bbox 917 1473 944 1527; x_wconf 87' lang='lat' dir='ltr'>A</span> <span class='ocrx_word' id='word_1_34' title='bbox 959 1472 1009 1527; x_wconf 80' lang='lat' dir='ltr'><strong>It</strong></span> <span class='ocrx_word' id='word_1_35' title='bbox 1031 1468 1246 1552; x_wconf 86' lang='lat' dir='ltr'><strong>quantitatem</strong></span> <span class='ocrx_word' id='word_1_36' title='bbox 1267 1467 1410 1535; x_wconf 89' lang='lat' dir='ltr'><strong>tribuere</strong></span> <span class='ocrx_word' id='word_1_37' title='bbox 1423 1467 1549 1554; x_wconf 82' lang='lat' dir='ltr'><strong>lioeret,</strong></span> 
     </span>
     <span class='ocr_line' id='line_1_7' title="bbox 319 1572 1547 1658; baseline 0 -18"><span class='ocrx_word' id='word_1_38' title='bbox 319 1594 361 1640; x_wconf 83' lang='lat' dir='ltr'><strong>ex</strong></span> <span class='ocrx_word' id='word_1_39' title='bbox 385 1572 676 1639; x_wconf 83' lang='lat' dir='ltr'><strong>Alexandrinorum</strong></span> <span class='ocrx_word' id='word_1_40' title='bbox 699 1573 982 1657; x_wconf 83' lang='lat' dir='ltr'><strong>grammatioorum</strong></span> <span class='ocrx_word' id='word_1_41' title='bbox 1004 1573 1159 1640; x_wconf 91' lang='lat' dir='ltr'><strong>librorum</strong></span> <span class='ocrx_word' id='word_1_42' title='bbox 1182 1573 1373 1658; x_wconf 80' lang='lat' dir='ltr'><strong>fragmentis</strong></span> <span class='ocrx_word' id='word_1_43' title='bbox 1391 1575 1547 1658; x_wconf 83' lang='lat' dir='ltr'><strong>eognosei</strong></span> 
     </span>
     <span class='ocr_line' id='line_1_8' title="bbox 286 1678 1546 1771; baseline 0.001 -26"><span class='ocrx_word' id='word_1_44' title='bbox 286 1767 288 1771; x_wconf 23' lang='grc' dir='ltr'>Ι</span> <span class='ocrx_word' id='word_1_45' title='bbox 316 1679 438 1764; x_wconf 88' lang='lat' dir='ltr'><strong>nequit.</strong></span> <span class='ocrx_word' id='word_1_46' title='bbox 484 1678 550 1746; x_wconf 87' lang='lat' dir='ltr'><strong>Sed</strong></span> <span class='ocrx_word' id='word_1_47' title='bbox 574 1680 685 1764; x_wconf 90' lang='lat' dir='ltr'><strong>aliqua</strong></span> <span class='ocrx_word' id='word_1_48' title='bbox 708 1689 865 1766; x_wconf 83' lang='lat' dir='ltr'><strong>exparte</strong></span> <span class='ocrx_word' id='word_1_49' title='bbox 893 1680 1075 1765; x_wconf 84' lang='lat' dir='ltr'><strong>explicatur</strong></span> <span class='ocrx_word' id='word_1_50' title='bbox 1102 1680 1293 1765; x_wconf 86' lang='lat' dir='ltr'><strong>depravatio</strong></span> <span class='ocrx_word' id='word_1_51' title='bbox 1321 1680 1388 1765; x_wconf 85' lang='lat' dir='ltr'><strong>illa,</strong></span> <span class='ocrx_word' id='word_1_52' title='bbox 1418 1681 1448 1747; x_wconf 90' lang='lat' dir='ltr'><strong>si</strong></span> <span class='ocrx_word' id='word_1_53' title='bbox 1473 1679 1546 1746; x_wconf 91' lang='lat' dir='ltr'><strong>rhe-</strong></span> 
     </span>
     <span class='ocr_line' id='line_1_9' title="bbox 316 1786 1548 1873; baseline 0.002 -22"><span class='ocrx_word' id='word_1_54' title='bbox 316 1795 420 1851; x_wconf 91' lang='lat' dir='ltr'><strong>torum</strong></span> <span class='ocrx_word' id='word_1_55' title='bbox 454 1805 548 1852; x_wconf 91' lang='lat' dir='ltr'><strong>usum</strong></span> <span class='ocrx_word' id='word_1_56' title='bbox 579 1793 679 1870; x_wconf 89' lang='lat' dir='ltr'><strong>atque</strong></span> <span class='ocrx_word' id='word_1_57' title='bbox 709 1797 887 1873; x_wconf 90' lang='lat' dir='ltr'><strong>praeoepta</strong></span> <span class='ocrx_word' id='word_1_58' title='bbox 919 1786 1258 1869; x_wconf 80' lang='lat' dir='ltr'><strong>animadverterimus3</strong></span> <span class='ocrx_word' id='word_1_59' title='bbox 1295 1807 1371 1852; x_wconf 87' lang='lat' dir='ltr'><strong>nam</strong></span> <span class='ocrx_word' id='word_1_60' title='bbox 1398 1786 1548 1855; x_wconf 87' lang='lat' dir='ltr'><strong>rhetores</strong></span> 
     </span>
     <span class='ocr_line' id='line_1_10' title="bbox 317 1892 1544 1979; baseline 0.001 -20"><span class='ocrx_word' id='word_1_61' title='bbox 317 1911 397 1960; x_wconf 88' lang='lat' dir='ltr'><strong>suae</strong></span> <span class='ocrx_word' id='word_1_62' title='bbox 420 1892 540 1958; x_wconf 88' lang='lat' dir='ltr'><strong>aetatis</strong></span> <span class='ocrx_word' id='word_1_63' title='bbox 562 1893 817 1977; x_wconf 87' lang='lat' dir='ltr'><strong>pronuntiationi</strong></span> <span class='ocrx_word' id='word_1_64' title='bbox 839 1900 1017 1979; x_wconf 90' lang='lat' dir='ltr'><strong>praeoepta</strong></span> <span class='ocrx_word' id='word_1_65' title='bbox 1040 1913 1101 1960; x_wconf 89' lang='lat' dir='ltr'><strong>sua</strong></span> <span class='ocrx_word' id='word_1_66' title='bbox 1122 1901 1275 1979; x_wconf 89' lang='lat' dir='ltr'><strong>aptarent</strong></span> <span class='ocrx_word' id='word_1_67' title='bbox 1297 1912 1433 1961; x_wconf 86' lang='lat' dir='ltr'><strong>neeesse</strong></span> <span class='ocrx_word' id='word_1_68' title='bbox 1462 1903 1544 1960; x_wconf 82' lang='lat' dir='ltr'><strong>erat</strong></span> 
     </span>
     <span class='ocr_line' id='line_1_11' title="bbox 316 1999 1544 2086; baseline 0.003 -23"><span class='ocrx_word' id='word_1_69' title='bbox 316 1999 431 2082; x_wconf 87' lang='lat' dir='ltr'><strong>Itaque</strong></span> <span class='ocrx_word' id='word_1_70' title='bbox 455 2018 539 2082; x_wconf 90' lang='lat' dir='ltr'><strong>quae</strong></span> <span class='ocrx_word' id='word_1_71' title='bbox 562 2019 732 2065; x_wconf 84' lang='lat' dir='ltr'><strong>mensurae</strong></span> <span class='ocrx_word' id='word_1_72' title='bbox 753 1999 916 2066; x_wconf 85' lang='lat' dir='ltr'><strong>vooalium</strong></span> <span class='ocrx_word' id='word_1_73' title='bbox 929 2005 956 2058; x_wconf 83' lang='lat' dir='ltr'>A</span> <span class='ocrx_word' id='word_1_74' title='bbox 972 2005 985 2058; x_wconf 94' lang='lat'><em>1</em></span> <span class='ocrx_word' id='word_1_75' title='bbox 999 2004 1022 2059; x_wconf 81' lang='lat' dir='ltr'><strong>t</strong></span> <span class='ocrx_word' id='word_1_76' title='bbox 1034 2000 1215 2066; x_wconf 89' lang='lat' dir='ltr'><strong>immutatio</strong></span> <span class='ocrx_word' id='word_1_77' title='bbox 1231 2000 1352 2066; x_wconf 89' lang='lat' dir='ltr'><strong>sensim</strong></span> <span class='ocrx_word' id='word_1_78' title='bbox 1365 2000 1544 2086; x_wconf 79' lang='lat' dir='ltr'><strong>irrepserit,</strong></span> 
     </span>
     <span class='ocr_line' id='line_1_12' title="bbox 315 2104 1546 2192; baseline 0.003 -22"><span class='ocrx_word' id='word_1_79' title='bbox 315 2104 414 2171; x_wconf 85' lang='lat' dir='ltr'><strong>faoile</strong></span> <span class='ocrx_word' id='word_1_80' title='bbox 442 2105 663 2190; x_wconf 84' lang='lat' dir='ltr'><strong>eognosoitur‚</strong></span> <span class='ocrx_word' id='word_1_81' title='bbox 695 2105 724 2172; x_wconf 85' lang='lat' dir='ltr'><strong>si</strong></span> <span class='ocrx_word' id='word_1_82' title='bbox 753 2106 1047 2191; x_wconf 86' lang='lat' dir='ltr'><strong>eomparaverimus</strong></span> <span class='ocrx_word' id='word_1_83' title='bbox 1079 2107 1172 2190; x_wconf 81' lang='lat' dir='ltr'><strong>leges</strong></span> <span class='ocrx_word' id='word_1_84' title='bbox 1203 2106 1427 2192; x_wconf 89' lang='lat' dir='ltr'><strong>prosodiaoas‚</strong></span> <span class='ocrx_word' id='word_1_85' title='bbox 1460 2127 1546 2191; x_wconf 91' lang='lat' dir='ltr'><strong>quas</strong></span> 
     </span>
     <span class='ocr_line' id='line_1_13' title="bbox 316 2211 1545 2298; baseline 0.002 -22"><span class='ocrx_word' id='word_1_86' title='bbox 316 2211 494 2297; x_wconf 85' lang='lat' dir='ltr'><strong>Dionysius</strong></span> <span class='ocrx_word' id='word_1_87' title='bbox 530 2211 843 2296; x_wconf 84' lang='lat' dir='ltr'><strong>Halioamassensis,</strong></span> <span class='ocrx_word' id='word_1_88' title='bbox 880 2213 1086 2298; x_wconf 90' lang='lat' dir='ltr'><strong>imperatoris</strong></span> <span class='ocrx_word' id='word_1_89' title='bbox 1127 2213 1267 2297; x_wconf 79' lang='lat' dir='ltr'><strong>Augusti</strong></span> <span class='ocrx_word' id='word_1_90' title='bbox 1294 2212 1453 2298; x_wconf 88' lang='lat' dir='ltr'><strong>aequalis,</strong></span> <span class='ocrx_word' id='word_1_91' title='bbox 1486 2214 1545 2279; x_wconf 92' lang='lat' dir='ltr'><strong>oh-</strong></span> 
     </span>
     <span class='ocr_line' id='line_1_14' title="bbox 315 2318 1543 2405; baseline 0.001 -19"><span class='ocrx_word' id='word_1_92' title='bbox 315 2318 470 2399; x_wconf 86' lang='lat' dir='ltr'><strong>servavit,</strong></span> <span class='ocrx_word' id='word_1_93' title='bbox 517 2337 589 2385; x_wconf 89' lang='lat' dir='ltr'><strong>oum</strong></span> <span class='ocrx_word' id='word_1_94' title='bbox 630 2318 678 2384; x_wconf 89' lang='lat' dir='ltr'><strong>eis</strong></span> <span class='ocrx_word' id='word_1_95' title='bbox 719 2319 904 2405; x_wconf 82' lang='lat' dir='ltr'><strong>praeceptis</strong></span> <span class='ocrx_word' id='word_1_96' title='bbox 946 2339 1031 2404; x_wconf 90' lang='lat' dir='ltr'><strong>quae</strong></span> <span class='ocrx_word' id='word_1_97' title='bbox 1069 2318 1236 2387; x_wconf 83' lang='lat' dir='ltr'><strong>Lachares</strong></span> <span class='ocrx_word' id='word_1_98' title='bbox 1272 2320 1381 2386; x_wconf 84' lang='lat' dir='ltr'><strong>rhetor</strong></span> <span class='ocrx_word' id='word_1_99' title='bbox 1417 2320 1543 2387; x_wconf 85' lang='lat' dir='ltr'><strong>saeouli</strong></span> 
     </span>
     <span class='ocr_line' id='line_1_15' title="bbox 313 2423 672 2510; baseline -0.003 -18"><span class='ocrx_word' id='word_1_100' title='bbox 313 2447 345 2510; x_wconf 91' lang='lat' dir='ltr'><strong>p.</strong></span> <span class='ocrx_word' id='word_1_101' title='bbox 366 2424 425 2492; x_wconf 85' lang='lat' dir='ltr'><strong>Ch.</strong></span> <span class='ocrx_word' id='word_1_102' title='bbox 448 2423 550 2509; x_wconf 89' lang='lat' dir='ltr'><strong>quinti</strong></span> <span class='ocrx_word' id='word_1_103' title='bbox 574 2423 672 2491; x_wconf 83' lang='lat' dir='ltr'><strong>dedit</strong></span> 
     </span>
    </p>
   </div>
   <div class='ocr_carea' id='block_1_4' title="bbox 311 2744 1543 3558">
    <p class='ocr_par' dir='ltr' id='par_1_4' title="bbox 311 2744 1543 3469">
     <span class='ocr_line' id='line_1_16' title="bbox 402 2744 1543 2831; baseline 0.004 -21"><span class='ocrx_word' id='word_1_104' title='bbox 402 2744 454 2810; x_wconf 90' lang='lat' dir='ltr'><strong>De</strong></span> <span class='ocrx_word' id='word_1_105' title='bbox 468 2744 673 2831; x_wconf 89' lang='lat' dir='ltr'><strong>pensitandis</strong></span> <span class='ocrx_word' id='word_1_106' title='bbox 692 2744 829 2830; x_wconf 86' lang='lat' dir='ltr'><strong>syllabis</strong></span> <span class='ocrx_word' id='word_1_107' title='bbox 845 2745 923 2828; x_wconf 90' lang='lat' dir='ltr'><strong>quid</strong></span> <span class='ocrx_word' id='word_1_108' title='bbox 938 2744 1154 2830; x_wconf 83' lang='lat' dir='ltr'><strong>Dionysius</strong></span> <span class='ocrx_word' id='word_1_109' title='bbox 1171 2744 1543 2814; x_wconf 76' lang='lat' dir='ltr'><strong>Halicarnassensis</strong></span> 
     </span>
     <span class='ocr_line' id='line_1_17' title="bbox 313 2850 1543 2938; baseline 0 -21"><span class='ocrx_word' id='word_1_110' title='bbox 313 2850 467 2936; x_wconf 81' lang='lat' dir='ltr'><strong>doouerit,</strong></span> <span class='ocrx_word' id='word_1_111' title='bbox 482 2852 707 2935; x_wconf 78' lang='lat' dir='ltr'><strong>eognosoimus</strong></span> <span class='ocrx_word' id='word_1_112' title='bbox 722 2851 879 2937; x_wconf 90' lang='lat' dir='ltr'><strong>imprimis</strong></span> <span class='ocrx_word' id='word_1_113' title='bbox 894 2851 994 2917; x_wconf 90' lang='lat' dir='ltr'><strong>elihri</strong></span> <span class='ocrx_word' id='word_1_114' title='bbox 1006 2850 1048 2918; x_wconf 90' lang='lat' dir='ltr'><strong>de</strong></span> <span class='ocrx_word' id='word_1_115' title='bbox 1060 2871 1203 2938; x_wconf 91' lang='lat' dir='ltr'><strong>oompos.</strong></span> <span class='ocrx_word' id='word_1_116' title='bbox 1213 2852 1302 2919; x_wconf 86' lang='lat' dir='ltr'><strong>verh.</strong></span> <span class='ocrx_word' id='word_1_117' title='bbox 1313 2852 1421 2937; x_wconf 87' lang='lat' dir='ltr'><strong>eapite</strong></span> <span class='ocrx_word' id='word_1_118' title='bbox 1430 2852 1543 2918; x_wconf 87' lang='lat' dir='ltr'><strong>XVllI</strong></span> 
     </span>
     <span class='ocr_line' id='line_1_18' title="bbox 312 2956 1542 3044; baseline 0.001 -19"><span class='ocrx_word' id='word_1_119' title='bbox 312 2956 359 3044; x_wconf 89' lang='lat' dir='ltr'><strong>(p.</strong></span> <span class='ocrx_word' id='word_1_120' title='bbox 390 2960 456 3025; x_wconf 77' lang='lat'><strong>232</strong></span> <span class='ocrx_word' id='word_1_121' title='bbox 472 2979 542 3043; x_wconf 92' lang='lat' dir='ltr'><strong>sqq.</strong></span> <span class='ocrx_word' id='word_1_122' title='bbox 571 2958 623 3026; x_wconf 89' lang='lat' dir='ltr'><strong>ed.</strong></span> <span class='ocrx_word' id='word_1_123' title='bbox 652 2957 808 3040; x_wconf 84' lang='lat' dir='ltr'><strong>Sohaef.)‚</strong></span> <span class='ocrx_word' id='word_1_124' title='bbox 837 2977 901 3041; x_wconf 92' lang='lat' dir='ltr'><strong>quo</strong></span> <span class='ocrx_word' id='word_1_125' title='bbox 929 2957 1028 3024; x_wconf 91' lang='lat' dir='ltr'><strong>nullis</strong></span> <span class='ocrx_word' id='word_1_126' title='bbox 1056 2957 1193 3024; x_wconf 90' lang='lat' dir='ltr'><strong>aliorum</strong></span> <span class='ocrx_word' id='word_1_127' title='bbox 1222 2958 1352 3043; x_wconf 89' lang='lat' dir='ltr'><strong>seriptis</strong></span> <span class='ocrx_word' id='word_1_128' title='bbox 1378 2957 1542 3038; x_wconf 89' lang='lat' dir='ltr'><strong>adiutus¹)</strong></span> 
     </span>
     <span class='ocr_line' id='line_1_19' title="bbox 312 3062 1539 3152; baseline 0.001 -23"><span class='ocrx_word' id='word_1_129' title='bbox 312 3063 514 3149; x_wconf 84' lang='lat' dir='ltr'><strong>Thuoydidis</strong></span> <span class='ocrx_word' id='word_1_130' title='bbox 547 3064 600 3132; x_wconf 91' lang='lat' dir='ltr'><strong>lih.</strong></span> <span class='ocrx_word' id='word_1_131' title='bbox 628 3065 661 3128; x_wconf 90' lang='lat'><strong>11</strong></span> <span class='ocrx_word' id='word_1_132' title='bbox 693 3084 720 3129; x_wconf 88' lang='grc' dir='ltr'><strong>ο.</strong></span> <span class='ocrx_word' id='word_1_133' title='bbox 750 3066 808 3144; x_wconf 83' lang='grc'><strong>35,</strong></span> <span class='ocrx_word' id='word_1_134' title='bbox 845 3064 994 3131; x_wconf 87' lang='lat' dir='ltr'><strong>Platonis</strong></span> <span class='ocrx_word' id='word_1_135' title='bbox 1031 3064 1187 3132; x_wconf 90' lang='lat' dir='ltr'><strong>orationis</strong></span> <span class='ocrx_word' id='word_1_136' title='bbox 1221 3063 1365 3132; x_wconf 83' lang='lat' dir='ltr'><strong>funebris</strong></span> <span class='ocrx_word' id='word_1_137' title='bbox 1398 3062 1539 3152; x_wconf 73' lang='lat' dir='ltr'><strong>(Menon.</strong></span> 
     </span>
     <span class='ocr_line' id='line_1_20' title="bbox 311 3170 1541 3257; baseline -0.001 -18"><span class='ocrx_word' id='word_1_138' title='bbox 311 3192 343 3255; x_wconf 94' lang='lat' dir='ltr'><strong>p.</strong></span> <span class='ocrx_word' id='word_1_139' title='bbox 368 3173 433 3239; x_wconf 78' lang='lat'><strong>236</strong></span> <span class='ocrx_word' id='word_1_140' title='bbox 442 3170 498 3257; x_wconf 84' lang='lat' dir='ltr'><strong>D),</strong></span> <span class='ocrx_word' id='word_1_141' title='bbox 526 3170 755 3238; x_wconf 87' lang='lat' dir='ltr'><strong>Demosthenis</strong></span> <span class='ocrx_word' id='word_1_142' title='bbox 783 3172 940 3238; x_wconf 86' lang='lat' dir='ltr'><strong>orationis</strong></span> <span class='ocrx_word' id='word_1_143' title='bbox 969 3170 1011 3237; x_wconf 91' lang='lat' dir='ltr'><strong>de</strong></span> <span class='ocrx_word' id='word_1_144' title='bbox 1038 3191 1158 3238; x_wconf 91' lang='lat' dir='ltr'><strong>oorona</strong></span> <span class='ocrx_word' id='word_1_145' title='bbox 1181 3172 1315 3243; x_wconf 89' lang='lat' dir='ltr'><strong>habitae</strong></span> <span class='ocrx_word' id='word_1_146' title='bbox 1338 3173 1411 3238; x_wconf 86' lang='lat' dir='ltr'><strong>oola</strong></span> <span class='ocrx_word' id='word_1_147' title='bbox 1434 3172 1541 3257; x_wconf 89' lang='lat' dir='ltr'><strong>prima</strong></span> 
     </span>
     <span class='ocr_line' id='line_1_21' title="bbox 312 3276 1540 3364; baseline 0.002 -21"><span class='ocrx_word' id='word_1_148' title='bbox 312 3287 465 3345; x_wconf 87' lang='lat' dir='ltr'><strong>aoourate</strong></span> <span class='ocrx_word' id='word_1_149' title='bbox 497 3276 645 3344; x_wconf 84' lang='lat' dir='ltr'><strong>distinxit</strong></span> <span class='ocrx_word' id='word_1_150' title='bbox 677 3286 723 3363; x_wconf 89' lang='lat' dir='ltr'><strong>et,</strong></span> <span class='ocrx_word' id='word_1_151' title='bbox 755 3278 872 3362; x_wconf 87' lang='lat' dir='ltr'><strong>quibus</strong></span> <span class='ocrx_word' id='word_1_152' title='bbox 903 3278 1042 3363; x_wconf 86' lang='lat' dir='ltr'><strong>pedibus</strong></span> <span class='ocrx_word' id='word_1_153' title='bbox 1074 3278 1218 3345; x_wconf 78' lang='lat' dir='ltr'><strong>metricis</strong></span> <span class='ocrx_word' id='word_1_154' title='bbox 1250 3286 1448 3364; x_wconf 80' lang='lat' dir='ltr'><strong>constarent,</strong></span> <span class='ocrx_word' id='word_1_155' title='bbox 1484 3299 1540 3346; x_wconf 90' lang='lat' dir='ltr'><strong>ex-</strong></span> 
     </span>
     <span class='ocr_line' id='line_1_22' title="bbox 311 3383 440 3469; baseline 0.031 -22"><span class='ocrx_word' id='word_1_156' title='bbox 311 3383 440 3469; x_wconf 86' lang='lat' dir='ltr'><strong>pliouit:</strong></span> 
     </span>
    </p>

    <p class='ocr_par' dir='ltr' id='par_1_5' title="bbox 399 3490 624 3558">
     <span class='ocr_line' id='line_1_23' title="bbox 399 3490 624 3558; baseline 0.004 -1"><span class='ocrx_word' id='word_1_157' title='bbox 399 3490 500 3557; x_wconf 84' lang='lat' dir='ltr'><strong>Thuo.</strong></span> <span class='ocrx_word' id='word_1_158' title='bbox 524 3491 624 3558; x_wconf 76' lang='lat'><strong>1135</strong></span> 
     </span>
    </p>
   </div>
   <div class='ocr_carea' id='block_1_5' title="bbox 308 3596 1539 4059">
    <p class='ocr_par' dir='ltr' id='par_1_6' title="bbox 310 3596 1101 3739">
     <span class='ocr_line' id='line_1_24' title="bbox 310 3596 1101 3739; baseline -0.003 -22"><span class='ocrx_word' id='word_1_159' title='bbox 310 3651 347 3735; x_wconf 89' lang='grc' dir='ltr'><strong>[Ι]</strong></span> <span class='ocrx_word' id='word_1_160' title='bbox 381 3597 692 3739; x_wconf 45' lang='grc' dir='ltr'><strong>ο-ἱμένιπολλ-οὶιτῶν</strong></span> <span class='ocrx_word' id='word_1_161' title='bbox 716 3596 827 3718; x_wconf 46' lang='lat' dir='ltr'><strong>tuitii}</strong></span> <span class='ocrx_word' id='word_1_162' title='bbox 845 3617 909 3738; x_wconf 51' lang='lat' dir='ltr'><strong>iliu</strong></span> <span class='ocrx_word' id='word_1_163' title='bbox 934 3596 1101 3738; x_wconf 33' lang='lat' dir='ltr'><strong>{drevani</strong></span> 
     </span>
    </p>

    <p class='ocr_par' dir='ltr' id='par_1_7' title="bbox 308 3756 1539 4059">
     <span class='ocr_line' id='line_1_25' title="bbox 309 3756 1538 3846; baseline 0 -22"><span class='ocrx_word' id='word_1_164' title='bbox 309 3769 390 3843; x_wconf 82' lang='grc' dir='ltr'><strong>τρεῖς</strong></span> <span class='ocrx_word' id='word_1_165' title='bbox 420 3756 510 3826; x_wconf 85' lang='grc' dir='ltr'><strong>...οἱ</strong></span> <span class='ocrx_word' id='word_1_166' title='bbox 542 3768 596 3824; x_wconf 84' lang='grc' dir='ltr'><strong>τοῦ</strong></span> <span class='ocrx_word' id='word_1_167' title='bbox 628 3764 743 3843; x_wconf 76' lang='grc' dir='ltr'><strong>πρτίντοο</strong></span> <span class='ocrx_word' id='word_1_168' title='bbox 773 3761 992 3846; x_wconf 72' lang='grc' dir='ltr'><strong>προηγοὺρτνοι</strong></span> <span class='ocrx_word' id='word_1_169' title='bbox 1018 3760 1120 3822; x_wconf 79' lang='grc' dir='ltr'><strong>πώλου</strong></span> <span class='ocrx_word' id='word_1_170' title='bbox 1153 3759 1298 3823; x_wconf 82' lang='grc' dir='ltr'>σπονδεῖα</span> <span class='ocrx_word' id='word_1_171' title='bbox 1329 3759 1421 3831; x_wconf 84' lang='grc' dir='ltr'>πόδες</span> <span class='ocrx_word' id='word_1_172' title='bbox 1452 3756 1538 3837; x_wconf 75' lang='grc' dir='ltr'><strong>εἰσίν,</strong></span> 
     </span>
     <span class='ocr_line' id='line_1_26' title="bbox 309 3860 1539 3953; baseline 0.002 -24"><span class='ocrx_word' id='word_1_173' title='bbox 309 3862 325 3929; x_wconf 85' lang='grc' dir='ltr'>ὁ</span> <span class='ocrx_word' id='word_1_174' title='bbox 353 3866 385 3931; x_wconf 82' lang='grc' dir='ltr'><strong>δὲ</strong></span> <span class='ocrx_word' id='word_1_175' title='bbox 410 3870 545 3953; x_wconf 78' lang='grc' dir='ltr'><strong>τέταρτος</strong></span> <span class='ocrx_word' id='word_1_176' title='bbox 573 3864 766 3950; x_wconf 83' lang='grc' dir='ltr'><strong>ἀνάπαιστος,</strong></span> <span class='ocrx_word' id='word_1_177' title='bbox 795 3862 811 3929; x_wconf 84' lang='grc' dir='ltr'>ὁ</span> <span class='ocrx_word' id='word_1_178' title='bbox 839 3867 871 3930; x_wconf 85' lang='grc' dir='ltr'><strong>δὲ</strong></span> <span class='ocrx_word' id='word_1_179' title='bbox 898 3868 973 3952; x_wconf 78' lang='grc' dir='ltr'><strong>μετὰ</strong></span> <span class='ocrx_word' id='word_1_180' title='bbox 999 3873 1106 3931; x_wconf 80' lang='grc' dir='ltr'><strong>τοῦτον</strong></span> <span class='ocrx_word' id='word_1_181' title='bbox 1134 3860 1224 3938; x_wconf 68' lang='grc' dir='ltr'><strong>αὖθις</strong></span> <span class='ocrx_word' id='word_1_182' title='bbox 1246 3866 1407 3940; x_wconf 83' lang='grc' dir='ltr'><strong>σπονδεῖος,</strong></span> <span class='ocrx_word' id='word_1_183' title='bbox 1436 3864 1539 3931; x_wconf 79' lang='grc' dir='ltr'><strong>ἔπειτα</strong></span> 
     </span>
     <span class='ocr_line' id='line_1_27' title="bbox 308 3978 461 4059; baseline -0.007 -22"><span class='ocrx_word' id='word_1_184' title='bbox 308 3978 461 4059; x_wconf 85' lang='grc' dir='ltr'><strong>κρητικός.</strong></span> 
     </span>
    </p>
   </div>
   <div class='ocr_carea' id='block_1_6' title="bbox 466 4096 508 4147">
    <p class='ocr_par' dir='ltr' id='par_1_8' title="bbox 466 4096 508 4147">
     <span class='ocr_line' id='line_1_28' title="bbox 466 4096 508 4147; baseline 0 0"><span class='ocrx_word' id='word_1_185' title='bbox 466 4116 492 4125; x_wconf 91' lang='grc'><strong>·-</strong></span> <span class='ocrx_word' id='word_1_186' title='bbox 505 4096 508 4147; x_wconf 88' lang='grc' dir='ltr'>Ι</span> 
     </span>
    </p>
   </div>
   <div class='ocr_carea' id='block_1_7' title="bbox 306 4095 1536 4451">
    <p class='ocr_par' dir='ltr' id='par_1_9' title="bbox 306 4095 1536 4451">
     <span class='ocr_line' id='line_1_29' title="bbox 309 4095 1279 4236; baseline -0.002 -22"><span class='ocrx_word' id='word_1_187' title='bbox 309 4150 360 4235; x_wconf 88' lang='lat' dir='ltr'>[II]</span> <span class='ocrx_word' id='word_1_188' title='bbox 374 4110 537 4216; x_wconf 43' lang='lat' dir='ltr'><strong>{narrative</strong></span> <span class='ocrx_word' id='word_1_189' title='bbox 560 4116 611 4215; x_wconf 65' lang='lat' dir='ltr'><strong>rho</strong></span> <span class='ocrx_word' id='word_1_190' title='bbox 635 4096 806 4234; x_wconf 53' lang='grc' dir='ltr'><strong>πρ-οοιθῖντα</strong></span> <span class='ocrx_word' id='word_1_191' title='bbox 829 4116 870 4234; x_wconf 59' lang='grc' dir='ltr'><strong>τῷ</strong></span> <span class='ocrx_word' id='word_1_192' title='bbox 892 4110 974 4236; x_wconf 42' lang='lat' dir='ltr'><strong>aveto-qr</strong></span> <span class='ocrx_word' id='word_1_193' title='bbox 998 4095 1058 4215; x_wconf 57' lang='lat' dir='ltr'><strong>thul</strong></span> <span class='ocrx_word' id='word_1_194' title='bbox 1071 4112 1161 4230; x_wconf 53' lang='lat' dir='ltr'><strong>&gt;droa</strong></span> <span class='ocrx_word' id='word_1_195' title='bbox 1185 4096 1279 4215; x_wconf 53' lang='grc' dir='ltr'><strong>τῖνιδζ.</strong></span> 
     </span>
     <span class='ocr_line' id='line_1_30' title="bbox 307 4253 1536 4345; baseline -0.001 -22"><span class='ocrx_word' id='word_1_196' title='bbox 307 4260 359 4324; x_wconf 80' lang='lat' dir='ltr'><strong>hho</strong></span> <span class='ocrx_word' id='word_1_197' title='bbox 383 4262 436 4345; x_wconf 80' lang='grc' dir='ltr'><strong>μὲν</strong></span> <span class='ocrx_word' id='word_1_198' title='bbox 459 4257 524 4344; x_wconf 81' lang='grc' dir='ltr'>ἔχει</span> <span class='ocrx_word' id='word_1_199' title='bbox 546 4258 618 4329; x_wconf 85' lang='grc' dir='ltr'><strong>τοὺς</strong></span> <span class='ocrx_word' id='word_1_200' title='bbox 641 4262 774 4341; x_wconf 81' lang='grc' dir='ltr'><strong>πρώτους</strong></span> <span class='ocrx_word' id='word_1_201' title='bbox 797 4258 893 4330; x_wconf 83' lang='grc' dir='ltr'><strong>πόδας</strong></span> <span class='ocrx_word' id='word_1_202' title='bbox 914 4253 1142 4344; x_wconf 75' lang='grc' dir='ltr'><strong>ὑποβακχείους,</strong></span> <span class='ocrx_word' id='word_1_203' title='bbox 1165 4261 1305 4343; x_wconf 65' lang='grc' dir='ltr'><strong>κρητικὸν</strong></span> <span class='ocrx_word' id='word_1_204' title='bbox 1320 4258 1412 4321; x_wconf 81' lang='grc' dir='ltr'><strong>δὲτὸν</strong></span> <span class='ocrx_word' id='word_1_205' title='bbox 1426 4261 1536 4341; x_wconf 84' lang='grc' dir='ltr'><strong>τρίτον,</strong></span> 
     </span>
     <span class='ocr_line' id='line_1_31' title="bbox 306 4359 1534 4451; baseline -0.002 -22"><span class='ocrx_word' id='word_1_206' title='bbox 306 4361 355 4429; x_wconf 80' lang='grc' dir='ltr'><strong>εἶτ’</strong></span> <span class='ocrx_word' id='word_1_207' title='bbox 380 4361 471 4437; x_wconf 75' lang='grc' dir='ltr'><strong>αὖθις</strong></span> <span class='ocrx_word' id='word_1_208' title='bbox 492 4361 709 4451; x_wconf 74' lang='grc' dir='ltr'><strong>ὁποβακχεὶοος</strong></span> <span class='ocrx_word' id='word_1_209' title='bbox 731 4365 783 4428; x_wconf 76' lang='lat' dir='ltr'><strong>too</strong></span> <span class='ocrx_word' id='word_1_210' title='bbox 806 4368 860 4427; x_wconf 84' lang='grc' dir='ltr'><strong>καὶ</strong></span> <span class='ocrx_word' id='word_1_211' title='bbox 882 4365 1046 4451; x_wconf 78' lang='grc' dir='ltr'><strong>συλλαβήν,</strong></span> <span class='ocrx_word' id='word_1_212' title='bbox 1070 4359 1118 4451; x_wconf 73' lang='grc' dir='ltr'><strong>ὑφ’</strong></span> <span class='ocrx_word' id='word_1_213' title='bbox 1132 4362 1169 4451; x_wconf 79' lang='grc' dir='ltr'><strong>ἧς</strong></span> <span class='ocrx_word' id='word_1_214' title='bbox 1186 4365 1352 4429; x_wconf 79' lang='grc' dir='ltr'><strong>τελειοῦται</strong></span> <span class='ocrx_word' id='word_1_215' title='bbox 1370 4366 1405 4428; x_wconf 87' lang='grc' dir='ltr'><strong>τὸ</strong></span> <span class='ocrx_word' id='word_1_216' title='bbox 1423 4364 1534 4429; x_wconf 80' lang='grc' dir='ltr'><strong>κῶλον.</strong></span> 
     </span>
    </p>
   </div>
   <div class='ocr_carea' id='block_1_8' title="bbox 305 4557 1537 4719">
    <p class='ocr_par' dir='ltr' id='par_1_10' title="bbox 305 4557 1537 4719">
     <span class='ocr_line' id='line_1_32' title="bbox 399 4557 1537 4629; baseline 0 -16"><span class='ocrx_word' id='word_1_217' title='bbox 399 4558 419 4627; x_wconf 81' lang='lat'><strong>¹)</strong></span> <span class='ocrx_word' id='word_1_218' title='bbox 444 4559 483 4613; x_wconf 78' lang='lat' dir='ltr'><strong>cf.</strong></span> <span class='ocrx_word' id='word_1_219' title='bbox 507 4558 539 4613; x_wconf 82' lang='lat' dir='ltr'><strong>G.</strong></span> <span class='ocrx_word' id='word_1_220' title='bbox 559 4560 653 4613; x_wconf 87' lang='lat' dir='ltr'><strong>Amsel</strong></span> <span class='ocrx_word' id='word_1_221' title='bbox 675 4558 706 4613; x_wconf 87' lang='lat' dir='ltr'><strong>in</strong></span> <span class='ocrx_word' id='word_1_222' title='bbox 729 4558 875 4614; x_wconf 87' lang='lat' dir='ltr'><strong>Breslauer</strong></span> <span class='ocrx_word' id='word_1_223' title='bbox 896 4557 1031 4629; x_wconf 79' lang='lat' dir='ltr'><strong>philolog.</strong></span> <span class='ocrx_word' id='word_1_224' title='bbox 1050 4558 1276 4629; x_wconf 81' lang='lat' dir='ltr'><strong>Abhandlungen</strong></span> <span class='ocrx_word' id='word_1_225' title='bbox 1298 4557 1352 4612; x_wconf 86' lang='lat' dir='ltr'><strong>vol.</strong></span> <span class='ocrx_word' id='word_1_226' title='bbox 1370 4558 1385 4612; x_wconf 92' lang='lat'>1</span> <span class='ocrx_word' id='word_1_227' title='bbox 1406 4557 1537 4615; x_wconf 76' lang='lat' dir='ltr'><strong>fasc.111</strong></span> 
     </span>
     <span class='ocr_line' id='line_1_33' title="bbox 305 4648 422 4719; baseline 0 -18"><span class='ocrx_word' id='word_1_228' title='bbox 305 4666 331 4719; x_wconf 90' lang='lat' dir='ltr'><strong>p.</strong></span> <span class='ocrx_word' id='word_1_229' title='bbox 352 4648 368 4701; x_wconf 88' lang='grc'><strong>6</strong></span> <span class='ocrx_word' id='word_1_230' title='bbox 382 4666 422 4717; x_wconf 87' lang='lat' dir='ltr'><strong>sq.</strong></span> 
     </span>
    </p>
   </div>
   <div class='ocr_carea' id='block_1_9' title="bbox 0 0 1734 5200">
    <p class='ocr_par' dir='ltr' id='par_1_11' title="bbox 0 0 1734 5200">
     <span class='ocr_line' id='line_1_34' title="bbox 0 0 1734 5200; baseline 0 5"><span class='ocrx_word' id='word_1_231' title='bbox 0 0 1734 5200; x_wconf 95' lang='lat' dir='ltr'><strong> </strong></span> 
     </span>
    </p>
   </div>
  </div>
 </body>
</html>
