<?xml version="1.0" encoding="UTF-8"?>
<!DOCTYPE html PUBLIC "-//W3C//DTD XHTML 1.0 Transitional//EN"
    "http://www.w3.org/TR/xhtml1/DTD/xhtml1-transitional.dtd">
<html xmlns="http://www.w3.org/1999/xhtml" xml:lang="en" lang="en">
 <head>
  <title>
</title>
<meta http-equiv="Content-Type" content="text/html;charset=utf-8" />
  <meta name='ocr-system' content='tesseract 3.04.00' />
  <meta name='ocr-capabilities' content='ocr_page ocr_carea ocr_par ocr_line ocrx_word'/>
</head>
<body>
  <div class='ocr_page' id='page_1' title='image "./detacitosenecae00zimmgoog_0050.png"; bbox 0 0 3459 5200; ppageno 0'>
   <div class='ocr_carea' id='block_1_1' title="bbox 627 423 840 523">
    <p class='ocr_par' dir='ltr' id='par_1_1' title="bbox 627 423 840 523">
     <span class='ocr_line' id='line_1_1' title="bbox 627 423 840 523; baseline 0.005 -1"><span class='ocrx_word' id='word_1_1' title='bbox 627 423 840 523; x_wconf 48' lang='lat' dir='ltr'><strong>Aa...</strong></span> 
     </span>
    </p>
   </div>
   <div class='ocr_carea' id='block_1_2' title="bbox 119 618 1347 1240">
    <p class='ocr_par' dir='ltr' id='par_1_2' title="bbox 123 618 1347 793">
     <span class='ocr_line' id='line_1_2' title="bbox 208 618 1347 703; baseline 0.003 -20"><span class='ocrx_word' id='word_1_2' title='bbox 208 620 245 685; x_wconf 88' lang='lat' dir='ltr'><strong>T.</strong></span> <span class='ocrx_word' id='word_1_3' title='bbox 269 621 350 684; x_wconf 80' lang='lat' dir='ltr'><strong>Anu.</strong></span> <span class='ocrx_word' id='word_1_4' title='bbox 375 619 434 684; x_wconf 91' lang='lat' dir='ltr'><strong>XV</strong></span> <span class='ocrx_word' id='word_1_5' title='bbox 459 621 510 686; x_wconf 81' lang='lat'><strong>59.</strong></span> <span class='ocrx_word' id='word_1_6' title='bbox 525 621 561 684; x_wconf 86' lang='lat'><strong>9:</strong></span> <span class='ocrx_word' id='word_1_7' title='bbox 587 618 688 684; x_wconf 90' lang='lat' dir='ltr'><strong>multa</strong></span> <span class='ocrx_word' id='word_1_8' title='bbox 712 621 896 703; x_wconf 77' lang='lat' dir='ltr'><strong>caper-icario</strong></span> <span class='ocrx_word' id='word_1_9' title='bbox 920 618 1061 698; x_wconf 83' lang='lat' dir='ltr'><strong>confieri,</strong></span> <span class='ocrx_word' id='word_1_10' title='bbox 1091 639 1176 702; x_wconf 86' lang='lat' dir='ltr'><strong>quae</strong></span> <span class='ocrx_word' id='word_1_11' title='bbox 1204 622 1347 703; x_wconf 72' lang='lat' dir='ltr'><strong>scpnibtar</strong></span> 
     </span>
     <span class='ocr_line' id='line_1_3' title="bbox 123 726 423 793; baseline 0.003 -1"><span class='ocrx_word' id='word_1_12' title='bbox 123 729 219 792; x_wconf 85' lang='lat' dir='ltr'><strong>arduo</strong></span> <span class='ocrx_word' id='word_1_13' title='bbox 242 726 423 793; x_wconf 87' lang='lat' dir='ltr'><strong>videantur.</strong></span> 
     </span>
    </p>

    <p class='ocr_par' dir='ltr' id='par_1_3' title="bbox 119 832 1346 1240">
     <span class='ocr_line' id='line_1_4' title="bbox 207 832 1346 918; baseline 0 -20"><span class='ocrx_word' id='word_1_14' title='bbox 207 833 239 898; x_wconf 88' lang='lat' dir='ltr'><strong>S.</strong></span> <span class='ocrx_word' id='word_1_15' title='bbox 267 834 326 918; x_wconf 83' lang='lat' dir='ltr'><strong>Ep.</strong></span> <span class='ocrx_word' id='word_1_16' title='bbox 355 835 407 900; x_wconf 75' lang='lat'><strong>50.</strong></span> <span class='ocrx_word' id='word_1_17' title='bbox 436 837 471 900; x_wconf 83' lang='lat' dir='ltr'><strong>u:</strong></span> <span class='ocrx_word' id='word_1_18' title='bbox 515 832 785 916; x_wconf 80' lang='lat' dir='ltr'><strong>quemadmodum</strong></span> <span class='ocrx_word' id='word_1_19' title='bbox 809 833 946 900; x_wconf 84' lang='lat' dir='ltr'><strong>virtutes</strong></span> <span class='ocrx_word' id='word_1_20' title='bbox 979 839 1132 918; x_wconf 81' lang='lat' dir='ltr'>receptae</span> <span class='ocrx_word' id='word_1_21' title='bbox 1165 833 1254 900; x_wconf 84' lang='lat' dir='ltr'><strong>exire</strong></span> <span class='ocrx_word' id='word_1_22' title='bbox 1282 854 1346 898; x_wconf 93' lang='lat' dir='ltr'><strong>non</strong></span> 
     </span>
     <span class='ocr_line' id='line_1_5' title="bbox 122 939 1345 1026; baseline 0 -21"><span class='ocrx_word' id='word_1_23' title='bbox 122 947 252 1024; x_wconf 79' lang='lat' dir='ltr'>possunt</span> <span class='ocrx_word' id='word_1_24' title='bbox 276 939 446 1023; x_wconf 89' lang='lat' dir='ltr'><strong>facilisque</strong></span> <span class='ocrx_word' id='word_1_25' title='bbox 470 961 580 1007; x_wconf 91' lang='lat' dir='ltr'><strong>earum</strong></span> <span class='ocrx_word' id='word_1_26' title='bbox 603 941 705 1008; x_wconf 91' lang='lat' dir='ltr'><strong>tutela</strong></span> <span class='ocrx_word' id='word_1_27' title='bbox 733 947 797 1026; x_wconf 82' lang='lat' dir='ltr'><strong>est,</strong></span> <span class='ocrx_word' id='word_1_28' title='bbox 831 941 878 1006; x_wconf 90' lang='lat' dir='ltr'><strong>ita</strong></span> <span class='ocrx_word' id='word_1_29' title='bbox 910 941 1035 1006; x_wconf 91' lang='lat' dir='ltr'><strong>initium</strong></span> <span class='ocrx_word' id='word_1_30' title='bbox 1068 939 1112 1006; x_wconf 93' lang='lat' dir='ltr'><strong>ad</strong></span> <span class='ocrx_word' id='word_1_31' title='bbox 1144 940 1219 1008; x_wconf 85' lang='lat' dir='ltr'><strong>illas</strong></span> <span class='ocrx_word' id='word_1_32' title='bbox 1248 940 1345 1006; x_wconf 91' lang='lat' dir='ltr'><strong>eundi</strong></span> 
     </span>
     <span class='ocr_line' id='line_1_6' title="bbox 119 1046 1345 1134; baseline 0.003 -24"><span class='ocrx_word' id='word_1_33' title='bbox 119 1051 259 1130; x_wconf 71' lang='lat' dir='ltr'><strong>orcarum,</strong></span> <span class='ocrx_word' id='word_1_34' title='bbox 285 1049 362 1131; x_wconf 89' lang='lat' dir='ltr'><strong>quia</strong></span> <span class='ocrx_word' id='word_1_35' title='bbox 386 1046 446 1114; x_wconf 92' lang='lat' dir='ltr'><strong>hoc</strong></span> <span class='ocrx_word' id='word_1_36' title='bbox 469 1047 605 1134; x_wconf 89' lang='lat' dir='ltr'><strong>primum</strong></span> <span class='ocrx_word' id='word_1_37' title='bbox 628 1049 791 1114; x_wconf 75' lang='lat' dir='ltr'><strong>inbecillae·</strong></span> <span class='ocrx_word' id='word_1_38' title='bbox 806 1052 914 1114; x_wconf 81' lang='lat' dir='ltr'><strong>oreatia</strong></span> <span class='ocrx_word' id='word_1_39' title='bbox 937 1057 1026 1134; x_wconf 77' lang='lat' dir='ltr'><strong>atoue</strong></span> <span class='ocrx_word' id='word_1_40' title='bbox 1048 1069 1159 1132; x_wconf 79' lang='lat' dir='ltr'><strong>caprae</strong></span> <span class='ocrx_word' id='word_1_41' title='bbox 1187 1054 1251 1132; x_wconf 87' lang='lat' dir='ltr'><strong>est,</strong></span> <span class='ocrx_word' id='word_1_42' title='bbox 1284 1048 1345 1114; x_wconf 87' lang='lat' dir='ltr'><strong>for·</strong></span> 
     </span>
     <span class='ocr_line' id='line_1_7' title="bbox 120 1153 433 1240; baseline 0.006 -22"><span class='ocrx_word' id='word_1_43' title='bbox 120 1153 239 1221; x_wconf 81' lang='lat' dir='ltr'><strong>midare</strong></span> <span class='ocrx_word' id='word_1_44' title='bbox 262 1159 433 1240; x_wconf 64' lang='lat' dir='ltr'><strong>deotperto.</strong></span> 
     </span>
    </p>
   </div>
   <div class='ocr_carea' id='block_1_3' title="bbox 115 1367 1360 4779">
    <p class='ocr_par' dir='ltr' id='par_1_4' title="bbox 118 1367 1344 1668">
     <span class='ocr_line' id='line_1_8' title="bbox 203 1367 1343 1453; baseline 0.001 -21"><span class='ocrx_word' id='word_1_45' title='bbox 203 1368 353 1452; x_wconf 87' lang='lat' dir='ltr'><strong>Denique</strong></span> <span class='ocrx_word' id='word_1_46' title='bbox 366 1367 545 1452; x_wconf 90' lang='lat' dir='ltr'><strong>videamus,</strong></span> <span class='ocrx_word' id='word_1_47' title='bbox 568 1375 727 1452; x_wconf 89' lang='lat' dir='ltr'><strong>quatenus</strong></span> <span class='ocrx_word' id='word_1_48' title='bbox 743 1369 916 1446; x_wconf 79' lang='lat' dir='ltr'><strong>orationes,</strong></span> <span class='ocrx_word' id='word_1_49' title='bbox 937 1389 1019 1453; x_wconf 85' lang='lat' dir='ltr'><strong>quas</strong></span> <span class='ocrx_word' id='word_1_50' title='bbox 1033 1368 1169 1435; x_wconf 80' lang='lat' dir='ltr'><strong>Tacitus</strong></span> <span class='ocrx_word' id='word_1_51' title='bbox 1185 1367 1343 1437; x_wconf 78' lang='lat' dir='ltr'><strong>Senecam</strong></span> 
     </span>
     <span class='ocr_line' id='line_1_9' title="bbox 118 1473 1344 1562; baseline 0.006 -25"><span class='ocrx_word' id='word_1_52' title='bbox 118 1473 286 1542; x_wconf 81' lang='lat' dir='ltr'><strong>habentem</strong></span> <span class='ocrx_word' id='word_1_53' title='bbox 311 1475 398 1562; x_wconf 83' lang='lat' dir='ltr'><strong>facit,</strong></span> <span class='ocrx_word' id='word_1_54' title='bbox 422 1476 573 1562; x_wconf 90' lang='lat' dir='ltr'><strong>operibus</strong></span> <span class='ocrx_word' id='word_1_55' title='bbox 597 1476 740 1544; x_wconf 80' lang='lat' dir='ltr'><strong>Senecae</strong></span> <span class='ocrx_word' id='word_1_56' title='bbox 771 1475 814 1542; x_wconf 91' lang='lat' dir='ltr'><strong>ad</strong></span> <span class='ocrx_word' id='word_1_57' title='bbox 842 1475 1080 1561; x_wconf 83' lang='lat' dir='ltr'><strong>philosophiam</strong></span> <span class='ocrx_word' id='word_1_58' title='bbox 1108 1477 1344 1562; x_wconf 88' lang='lat' dir='ltr'><strong>pertinentibus</strong></span> 
     </span>
     <span class='ocr_line' id='line_1_10' title="bbox 118 1582 346 1668; baseline 0.035 -24"><span class='ocrx_word' id='word_1_59' title='bbox 118 1582 346 1668; x_wconf 78' lang='lat' dir='ltr'><strong>respondeant.</strong></span> 
     </span>
    </p>

    <p class='ocr_par' dir='ltr' id='par_1_5' title="bbox 115 1689 1344 1973">
     <span class='ocr_line' id='line_1_11' title="bbox 201 1689 1344 1776; baseline 0.003 -22"><span class='ocrx_word' id='word_1_60' title='bbox 201 1691 239 1754; x_wconf 91' lang='lat' dir='ltr'><strong>T.</strong></span> <span class='ocrx_word' id='word_1_61' title='bbox 264 1691 347 1756; x_wconf 88' lang='lat' dir='ltr'><strong>Anu.</strong></span> <span class='ocrx_word' id='word_1_62' title='bbox 370 1691 448 1757; x_wconf 93' lang='lat' dir='ltr'><strong>XIV</strong></span> <span class='ocrx_word' id='word_1_63' title='bbox 471 1693 524 1758; x_wconf 80' lang='lat'><strong>53.</strong></span> <span class='ocrx_word' id='word_1_64' title='bbox 540 1693 575 1757; x_wconf 80' lang='lat'><strong>5:</strong></span> <span class='ocrx_word' id='word_1_65' title='bbox 600 1689 706 1758; x_wconf 92' lang='lat' dir='ltr'><strong>medio</strong></span> <span class='ocrx_word' id='word_1_66' title='bbox 730 1691 886 1776; x_wconf 79' lang='lat' dir='ltr'><strong>temporIs</strong></span> <span class='ocrx_word' id='word_1_67' title='bbox 909 1697 1033 1757; x_wconf 91' lang='lat' dir='ltr'><strong>tautum</strong></span> <span class='ocrx_word' id='word_1_68' title='bbox 1061 1690 1216 1758; x_wconf 90' lang='lat' dir='ltr'><strong>honorum</strong></span> <span class='ocrx_word' id='word_1_69' title='bbox 1245 1698 1344 1776; x_wconf 84' lang='lat' dir='ltr'><strong>atquc</strong></span> 
     </span>
     <span class='ocr_line' id='line_1_12' title="bbox 115 1796 1342 1882; baseline 0.005 -22"><span class='ocrx_word' id='word_1_70' title='bbox 115 1816 209 1881; x_wconf 91' lang='lat' dir='ltr'><strong>opum</strong></span> <span class='ocrx_word' id='word_1_71' title='bbox 241 1797 275 1863; x_wconf 89' lang='lat' dir='ltr'><strong>iu</strong></span> <span class='ocrx_word' id='word_1_72' title='bbox 309 1818 360 1864; x_wconf 93' lang='lat' dir='ltr'><strong>me</strong></span> <span class='ocrx_word' id='word_1_73' title='bbox 394 1797 577 1881; x_wconf 77' lang='lat' dir='ltr'><strong>cumulasti,</strong></span> <span class='ocrx_word' id='word_1_74' title='bbox 608 1803 644 1862; x_wconf 92' lang='lat' dir='ltr'><strong>ut</strong></span> <span class='ocrx_word' id='word_1_75' title='bbox 674 1796 754 1863; x_wconf 92' lang='lat' dir='ltr'><strong>nihil</strong></span> <span class='ocrx_word' id='word_1_76' title='bbox 774 1801 922 1882; x_wconf 73' lang='lat' dir='ltr'><strong>felicitati</strong></span> <span class='ocrx_word' id='word_1_77' title='bbox 947 1817 1042 1864; x_wconf 90' lang='lat' dir='ltr'><strong>meae</strong></span> <span class='ocrx_word' id='word_1_78' title='bbox 1073 1797 1159 1865; x_wconf 90' lang='lat' dir='ltr'><strong>desit</strong></span> <span class='ocrx_word' id='word_1_79' title='bbox 1190 1798 1254 1864; x_wconf 87' lang='lat' dir='ltr'><strong>nisi</strong></span> <span class='ocrx_word' id='word_1_80' title='bbox 1280 1822 1342 1866; x_wconf 84' lang='lat' dir='ltr'><strong>mo</strong></span> 
     </span>
     <span class='ocr_line' id='line_1_13' title="bbox 116 1905 336 1973; baseline 0.023 -5"><span class='ocrx_word' id='word_1_81' title='bbox 116 1907 229 1970; x_wconf 67' lang='lat' dir='ltr'><strong>duolio</strong></span> <span class='ocrx_word' id='word_1_82' title='bbox 253 1905 336 1973; x_wconf 71' lang='lat' dir='ltr'><strong>eius-</strong></span> 
     </span>
    </p>

    <p class='ocr_par' dir='ltr' id='par_1_6' title="bbox 115 2011 1341 2633">
     <span class='ocr_line' id='line_1_14' title="bbox 203 2011 1340 2096; baseline 0.003 -20"><span class='ocrx_word' id='word_1_83' title='bbox 203 2011 235 2080; x_wconf 88' lang='lat' dir='ltr'><strong>S.</strong></span> <span class='ocrx_word' id='word_1_84' title='bbox 260 2011 321 2096; x_wconf 81' lang='lat' dir='ltr'><strong>Ep.</strong></span> <span class='ocrx_word' id='word_1_85' title='bbox 346 2013 400 2079; x_wconf 83' lang='lat'><strong>39.</strong></span> <span class='ocrx_word' id='word_1_86' title='bbox 415 2013 451 2076; x_wconf 85' lang='lat'><strong>4:</strong></span> <span class='ocrx_word' id='word_1_87' title='bbox 476 2011 588 2095; x_wconf 85' lang='lat' dir='ltr'><strong>Magni</strong></span> <span class='ocrx_word' id='word_1_88' title='bbox 611 2011 709 2076; x_wconf 90' lang='lat' dir='ltr'><strong>animi</strong></span> <span class='ocrx_word' id='word_1_89' title='bbox 733 2019 783 2080; x_wconf 89' lang='lat' dir='ltr'><strong>est</strong></span> <span class='ocrx_word' id='word_1_90' title='bbox 806 2031 926 2096; x_wconf 86' lang='lat' dir='ltr'><strong>magna</strong></span> <span class='ocrx_word' id='word_1_91' title='bbox 945 2018 1150 2080; x_wconf 83' lang='lat' dir='ltr'><strong>contemnere</strong></span> <span class='ocrx_word' id='word_1_92' title='bbox 1165 2033 1206 2079; x_wconf 90' lang='lat' dir='ltr'><strong>ac</strong></span> <span class='ocrx_word' id='word_1_93' title='bbox 1219 2011 1340 2080; x_wconf 92' lang='lat' dir='ltr'><strong>medio-</strong></span> 
     </span>
     <span class='ocr_line' id='line_1_15' title="bbox 116 2116 1340 2205; baseline 0.004 -23"><span class='ocrx_word' id='word_1_94' title='bbox 116 2117 180 2183; x_wconf 89' lang='lat' dir='ltr'><strong>cria</strong></span> <span class='ocrx_word' id='word_1_95' title='bbox 202 2119 301 2184; x_wconf 90' lang='lat' dir='ltr'><strong>malle</strong></span> <span class='ocrx_word' id='word_1_96' title='bbox 324 2138 421 2201; x_wconf 89' lang='lat' dir='ltr'><strong>quam</strong></span> <span class='ocrx_word' id='word_1_97' title='bbox 443 2118 551 2185; x_wconf 86' lang='lat' dir='ltr'><strong>nimia</strong></span> <span class='ocrx_word' id='word_1_98' title='bbox 646 2116 733 2184; x_wconf 89' lang='lat' dir='ltr'><strong>idem</strong></span> <span class='ocrx_word' id='word_1_99' title='bbox 756 2117 873 2186; x_wconf 87' lang='lat' dir='ltr'><strong>animis</strong></span> <span class='ocrx_word' id='word_1_100' title='bbox 901 2139 1030 2204; x_wconf 89' lang='lat' dir='ltr'><strong>quoque</strong></span> <span class='ocrx_word' id='word_1_101' title='bbox 1052 2120 1168 2205; x_wconf 70' lang='lat' dir='ltr'><strong>evenit,</strong></span> <span class='ocrx_word' id='word_1_102' title='bbox 1192 2141 1274 2203; x_wconf 87' lang='lat' dir='ltr'><strong>quos</strong></span> <span class='ocrx_word' id='word_1_103' title='bbox 1295 2125 1340 2187; x_wconf 70' lang='lat' dir='ltr'><strong>ira</strong></span> 
     </span>
     <span class='ocr_line' id='line_1_16' title="bbox 115 2223 1340 2312; baseline 0.003 -22"><span class='ocrx_word' id='word_1_104' title='bbox 115 2229 268 2293; x_wconf 69' lang='lat' dir='ltr'><strong>medonta</strong></span> <span class='ocrx_word' id='word_1_105' title='bbox 285 2228 422 2310; x_wconf 80' lang='lat' dir='ltr'><strong>felicitas</strong></span> <span class='ocrx_word' id='word_1_106' title='bbox 445 2225 573 2310; x_wconf 87' lang='lat' dir='ltr'><strong>rumpit.</strong></span> <span class='ocrx_word' id='word_1_107' title='bbox 598 2223 639 2291; x_wconf 93' lang='lat' dir='ltr'><strong>de</strong></span> <span class='ocrx_word' id='word_1_108' title='bbox 662 2245 752 2310; x_wconf 88' lang='lat' dir='ltr'><strong>prov.</strong></span> <span class='ocrx_word' id='word_1_109' title='bbox 777 2225 821 2292; x_wconf 93' lang='lat' dir='ltr'><strong>IV</strong></span> <span class='ocrx_word' id='word_1_110' title='bbox 848 2227 903 2293; x_wconf 84' lang='lat'><strong>10:</strong></span> <span class='ocrx_word' id='word_1_111' title='bbox 936 2226 1014 2292; x_wconf 85' lang='lat' dir='ltr'><strong>Gum</strong></span> <span class='ocrx_word' id='word_1_112' title='bbox 1039 2227 1155 2312; x_wconf 89' lang='lat' dir='ltr'><strong>omnia,</strong></span> <span class='ocrx_word' id='word_1_113' title='bbox 1179 2247 1263 2310; x_wconf 89' lang='lat' dir='ltr'><strong>quac</strong></span> <span class='ocrx_word' id='word_1_114' title='bbox 1287 2249 1340 2294; x_wconf 84' lang='lat' dir='ltr'><strong>ex·</strong></span> 
     </span>
     <span class='ocr_line' id='line_1_17' title="bbox 116 2331 1341 2420; baseline 0.005 -24"><span class='ocrx_word' id='word_1_115' title='bbox 116 2340 279 2400; x_wconf 86' lang='lat' dir='ltr'><strong>cesserunt</strong></span> <span class='ocrx_word' id='word_1_116' title='bbox 301 2331 442 2412; x_wconf 87' lang='lat' dir='ltr'><strong>modum,</strong></span> <span class='ocrx_word' id='word_1_117' title='bbox 466 2338 612 2418; x_wconf 76' lang='lat' dir='ltr'><strong>noceant</strong></span> <span class='ocrx_word' id='word_1_118' title='bbox 636 2331 912 2418; x_wconf 86' lang='lat' dir='ltr'><strong>perniciosissima</strong></span> <span class='ocrx_word' id='word_1_119' title='bbox 928 2337 1089 2419; x_wconf 76' lang='lat' dir='ltr'><strong>felicitatis</strong></span> <span class='ocrx_word' id='word_1_120' title='bbox 1103 2339 1341 2420; x_wconf 70' lang='lat' dir='ltr'><strong>iateapcrootr&#39;o</strong></span> 
     </span>
     <span class='ocr_line' id='line_1_18' title="bbox 116 2439 1340 2526; baseline 0.003 -22"><span class='ocrx_word' id='word_1_121' title='bbox 116 2445 171 2505; x_wconf 89' lang='lat' dir='ltr'><strong>est.</strong></span> <span class='ocrx_word' id='word_1_122' title='bbox 207 2441 268 2526; x_wconf 84' lang='lat' dir='ltr'><strong>Ep.</strong></span> <span class='ocrx_word' id='word_1_123' title='bbox 291 2442 343 2507; x_wconf 76' lang='lat'><strong>74.</strong></span> <span class='ocrx_word' id='word_1_124' title='bbox 362 2443 417 2506; x_wconf 85' lang='lat'><strong>11:</strong></span> <span class='ocrx_word' id='word_1_125' title='bbox 442 2446 535 2506; x_wconf 88' lang='lat' dir='ltr'><strong>natat</strong></span> <span class='ocrx_word' id='word_1_126' title='bbox 557 2459 651 2506; x_wconf 90' lang='lat' dir='ltr'><strong>omne</strong></span> <span class='ocrx_word' id='word_1_127' title='bbox 675 2439 845 2506; x_wconf 88' lang='lat' dir='ltr'><strong>consilium</strong></span> <span class='ocrx_word' id='word_1_128' title='bbox 868 2459 929 2507; x_wconf 91' lang='lat' dir='ltr'><strong>nec</strong></span> <span class='ocrx_word' id='word_1_129' title='bbox 951 2441 1076 2526; x_wconf 89' lang='lat' dir='ltr'><strong>inplere</strong></span> <span class='ocrx_word' id='word_1_130' title='bbox 1098 2460 1160 2508; x_wconf 91' lang='lat' dir='ltr'><strong>nos</strong></span> <span class='ocrx_word' id='word_1_131' title='bbox 1183 2441 1251 2508; x_wconf 89' lang='lat' dir='ltr'><strong>ulla</strong></span> <span class='ocrx_word' id='word_1_132' title='bbox 1267 2446 1340 2526; x_wconf 80' lang='lat' dir='ltr'><strong>seti-</strong></span> 
     </span>
     <span class='ocr_line' id='line_1_19' title="bbox 117 2550 329 2633; baseline 0.009 -20"><span class='ocrx_word' id='word_1_133' title='bbox 117 2550 188 2613; x_wconf 80' lang='lat' dir='ltr'><strong>u&#39;lua</strong></span> <span class='ocrx_word' id='word_1_134' title='bbox 209 2553 329 2633; x_wconf 88' lang='lat' dir='ltr'><strong>potest.</strong></span> 
     </span>
    </p>

    <p class='ocr_par' dir='ltr' id='par_1_7' title="bbox 198 2653 1338 2742">
     <span class='ocr_line' id='line_1_20' title="bbox 198 2653 1338 2742; baseline 0.003 -21"><span class='ocrx_word' id='word_1_135' title='bbox 198 2656 235 2722; x_wconf 97' lang='lat' dir='ltr'><strong>T.</strong></span> <span class='ocrx_word' id='word_1_136' title='bbox 258 2657 342 2725; x_wconf 89' lang='lat' dir='ltr'><strong>Ann.</strong></span> <span class='ocrx_word' id='word_1_137' title='bbox 367 2656 443 2723; x_wconf 88' lang='lat' dir='ltr'><strong>XIV</strong></span> <span class='ocrx_word' id='word_1_138' title='bbox 464 2658 516 2723; x_wconf 78' lang='lat'><strong>53.</strong></span> <span class='ocrx_word' id='word_1_139' title='bbox 537 2658 590 2721; x_wconf 77' lang='lat'><strong>13:</strong></span> <span class='ocrx_word' id='word_1_140' title='bbox 616 2653 731 2740; x_wconf 89' lang='lat' dir='ltr'><strong>studia,</strong></span> <span class='ocrx_word' id='word_1_141' title='bbox 746 2661 781 2721; x_wconf 91' lang='lat' dir='ltr'><strong>ut</strong></span> <span class='ocrx_word' id='word_1_142' title='bbox 796 2655 843 2720; x_wconf 88' lang='lat' dir='ltr'><strong>sic</strong></span> <span class='ocrx_word' id='word_1_143' title='bbox 858 2654 1004 2742; x_wconf 78' lang='lat' dir='ltr'><strong>dixerim,</strong></span> <span class='ocrx_word' id='word_1_144' title='bbox 1018 2656 1175 2722; x_wconf 81' lang='lat' dir='ltr'><strong>inumbra</strong></span> <span class='ocrx_word' id='word_1_145' title='bbox 1189 2656 1338 2724; x_wconf 88' lang='lat' dir='ltr'><strong>educata.</strong></span> 
     </span>
    </p>

    <p class='ocr_par' dir='ltr' id='par_1_8' title="bbox 116 2761 1338 2952">
     <span class='ocr_line' id='line_1_21' title="bbox 199 2761 1338 2849; baseline 0.002 -21"><span class='ocrx_word' id='word_1_146' title='bbox 199 2762 231 2828; x_wconf 88' lang='lat' dir='ltr'><strong>S.</strong></span> <span class='ocrx_word' id='word_1_147' title='bbox 262 2764 323 2849; x_wconf 86' lang='lat' dir='ltr'><strong>Ep.</strong></span> <span class='ocrx_word' id='word_1_148' title='bbox 348 2764 400 2831; x_wconf 88' lang='grc'><strong>36.</strong></span> <span class='ocrx_word' id='word_1_149' title='bbox 424 2767 456 2829; x_wconf 93' lang='lat' dir='ltr'><strong>l:</strong></span> <span class='ocrx_word' id='word_1_150' title='bbox 490 2762 545 2847; x_wconf 92' lang='lat' dir='ltr'><strong>qui</strong></span> <span class='ocrx_word' id='word_1_151' title='bbox 573 2761 664 2829; x_wconf 91' lang='lat' dir='ltr'><strong>illum</strong></span> <span class='ocrx_word' id='word_1_152' title='bbox 688 2762 873 2849; x_wconf 89' lang='lat' dir='ltr'><strong>obiurgant,</strong></span> <span class='ocrx_word' id='word_1_153' title='bbox 907 2762 994 2847; x_wconf 93' lang='lat' dir='ltr'><strong>quod</strong></span> <span class='ocrx_word' id='word_1_154' title='bbox 1016 2766 1160 2830; x_wconf 83' lang='lat' dir='ltr'><strong>umbram</strong></span> <span class='ocrx_word' id='word_1_155' title='bbox 1183 2771 1216 2830; x_wconf 91' lang='lat' dir='ltr'><strong>ct</strong></span> <span class='ocrx_word' id='word_1_156' title='bbox 1239 2764 1338 2830; x_wconf 88' lang='lat' dir='ltr'><strong>otium</strong></span> 
     </span>
     <span class='ocr_line' id='line_1_22' title="bbox 116 2868 246 2952; baseline 0.046 -20"><span class='ocrx_word' id='word_1_157' title='bbox 116 2868 246 2952; x_wconf 91' lang='lat' dir='ltr'><strong>petierit.</strong></span> 
     </span>
    </p>

    <p class='ocr_par' dir='ltr' id='par_1_9' title="bbox 198 2976 1300 3044">
     <span class='ocr_line' id='line_1_23' title="bbox 198 2976 1300 3044; baseline 0 -3"><span class='ocrx_word' id='word_1_158' title='bbox 198 2978 235 3044; x_wconf 92' lang='lat' dir='ltr'><strong>T.</strong></span> <span class='ocrx_word' id='word_1_159' title='bbox 259 2976 342 3042; x_wconf 85' lang='lat' dir='ltr'><strong>Anu.</strong></span> <span class='ocrx_word' id='word_1_160' title='bbox 365 2976 442 3043; x_wconf 92' lang='lat' dir='ltr'><strong>XIV</strong></span> <span class='ocrx_word' id='word_1_161' title='bbox 465 2978 516 3043; x_wconf 81' lang='lat'><strong>53.</strong></span> <span class='ocrx_word' id='word_1_162' title='bbox 532 2979 590 3044; x_wconf 80' lang='lat'><strong>20:</strong></span> <span class='ocrx_word' id='word_1_163' title='bbox 614 2979 667 3041; x_wconf 79' lang='lat' dir='ltr'><strong>obi</strong></span> <span class='ocrx_word' id='word_1_164' title='bbox 690 2986 734 3042; x_wconf 82' lang='lat' dir='ltr'><strong>art</strong></span> <span class='ocrx_word' id='word_1_165' title='bbox 756 2980 879 3044; x_wconf 82' lang='lat' dir='ltr'><strong>aairrrus</strong></span> <span class='ocrx_word' id='word_1_166' title='bbox 901 2979 952 3041; x_wconf 81' lang='lat' dir='ltr'><strong>ille</strong></span> <span class='ocrx_word' id='word_1_167' title='bbox 975 2979 1102 3043; x_wconf 72' lang='lat' dir='ltr'><strong>modicis</strong></span> <span class='ocrx_word' id='word_1_168' title='bbox 1125 2982 1300 3043; x_wconf 74' lang='lat' dir='ltr'><strong>coratentoa?</strong></span> 
     </span>
    </p>

    <p class='ocr_par' dir='ltr' id='par_1_10' title="bbox 115 3082 1337 3599">
     <span class='ocr_line' id='line_1_24' title="bbox 199 3082 1337 3167; baseline -0.001 -17"><span class='ocrx_word' id='word_1_169' title='bbox 199 3084 231 3150; x_wconf 91' lang='lat' dir='ltr'><strong>S.</strong></span> <span class='ocrx_word' id='word_1_170' title='bbox 256 3083 301 3150; x_wconf 88' lang='lat' dir='ltr'><strong>ad</strong></span> <span class='ocrx_word' id='word_1_171' title='bbox 324 3084 416 3153; x_wconf 77' lang='lat' dir='ltr'><strong>Helu.</strong></span> <span class='ocrx_word' id='word_1_172' title='bbox 442 3082 482 3149; x_wconf 89' lang='lat' dir='ltr'><strong>do</strong></span> <span class='ocrx_word' id='word_1_173' title='bbox 506 3083 626 3151; x_wconf 90' lang='lat' dir='ltr'><strong>consol.</strong></span> <span class='ocrx_word' id='word_1_174' title='bbox 648 3083 709 3149; x_wconf 88' lang='lat' dir='ltr'><strong>XV</strong></span> <span class='ocrx_word' id='word_1_175' title='bbox 736 3088 767 3149; x_wconf 90' lang='lat'><strong>1:</strong></span> <span class='ocrx_word' id='word_1_176' title='bbox 797 3086 1006 3165; x_wconf 70' lang='lat' dir='ltr'><strong>volatilla,</strong></span> <span class='ocrx_word' id='word_1_177' title='bbox 1030 3103 1093 3167; x_wconf 89' lang='lat' dir='ltr'><strong>quo</strong></span> <span class='ocrx_word' id='word_1_178' title='bbox 1117 3083 1187 3149; x_wconf 87' lang='lat' dir='ltr'><strong>riso</strong></span> <span class='ocrx_word' id='word_1_179' title='bbox 1211 3084 1337 3151; x_wconf 80' lang='lat' dir='ltr'><strong>tristem</strong></span> 
     </span>
     <span class='ocr_line' id='line_1_25' title="bbox 115 3189 1337 3277; baseline 0.005 -26"><span class='ocrx_word' id='word_1_180' title='bbox 115 3190 229 3257; x_wconf 87' lang='lat' dir='ltr'><strong>voltum</strong></span> <span class='ocrx_word' id='word_1_181' title='bbox 253 3191 416 3259; x_wconf 84' lang='lat' dir='ltr'><strong>relaxari.</strong></span> <span class='ocrx_word' id='word_1_182' title='bbox 431 3242 439 3259; x_wconf 99' lang='lat'><strong>.</strong></span> <span class='ocrx_word' id='word_1_183' title='bbox 453 3204 483 3259; x_wconf 80' lang='lat'><strong>.?</strong></span> <span class='ocrx_word' id='word_1_184' title='bbox 507 3197 573 3259; x_wconf 92' lang='lat' dir='ltr'><strong>nat.</strong></span> <span class='ocrx_word' id='word_1_185' title='bbox 602 3196 727 3274; x_wconf 88' lang='lat' dir='ltr'><strong>quaest.</strong></span> <span class='ocrx_word' id='word_1_186' title='bbox 751 3190 767 3253; x_wconf 94' lang='lat' dir='ltr'>I</span> <span class='ocrx_word' id='word_1_187' title='bbox 795 3189 920 3277; x_wconf 84' lang='lat' dir='ltr'><strong>prolog.</strong></span> <span class='ocrx_word' id='word_1_188' title='bbox 949 3192 1002 3257; x_wconf 92' lang='lat' dir='ltr'><strong>ll:</strong></span> <span class='ocrx_word' id='word_1_189' title='bbox 1036 3210 1163 3257; x_wconf 89' lang='lat' dir='ltr'><strong>sursum</strong></span> <span class='ocrx_word' id='word_1_190' title='bbox 1190 3189 1337 3274; x_wconf 90' lang='lat' dir='ltr'><strong>ingentia</strong></span> 
     </span>
     <span class='ocr_line' id='line_1_26' title="bbox 115 3296 1336 3384; baseline 0.003 -23"><span class='ocrx_word' id='word_1_191' title='bbox 115 3298 218 3381; x_wconf 85' lang='lat' dir='ltr'><strong>spatia</strong></span> <span class='ocrx_word' id='word_1_192' title='bbox 241 3305 325 3384; x_wconf 87' lang='lat' dir='ltr'><strong>sunt,</strong></span> <span class='ocrx_word' id='word_1_193' title='bbox 349 3298 382 3363; x_wconf 92' lang='lat' dir='ltr'><strong>in</strong></span> <span class='ocrx_word' id='word_1_194' title='bbox 406 3318 539 3382; x_wconf 90' lang='lat' dir='ltr'><strong>quorum</strong></span> <span class='ocrx_word' id='word_1_195' title='bbox 567 3298 809 3383; x_wconf 87' lang='lat' dir='ltr'><strong>possessionem</strong></span> <span class='ocrx_word' id='word_1_196' title='bbox 835 3301 959 3365; x_wconf 76' lang='lat' dir='ltr'><strong>artimus</strong></span> <span class='ocrx_word' id='word_1_197' title='bbox 991 3296 1184 3383; x_wconf 88' lang='lat' dir='ltr'><strong>admittitur,</strong></span> <span class='ocrx_word' id='word_1_198' title='bbox 1216 3304 1250 3365; x_wconf 91' lang='lat' dir='ltr'><strong>et</strong></span> <span class='ocrx_word' id='word_1_199' title='bbox 1279 3299 1336 3384; x_wconf 87' lang='lat' dir='ltr'><strong>ita,</strong></span> 
     </span>
     <span class='ocr_line' id='line_1_27' title="bbox 115 3402 1337 3504; baseline 0.007 -37"><span class='ocrx_word' id='word_1_200' title='bbox 115 3402 141 3468; x_wconf 88' lang='lat' dir='ltr'><strong>si</strong></span> <span class='ocrx_word' id='word_1_201' title='bbox 163 3426 271 3473; x_wconf 90' lang='lat' dir='ltr'><strong>secum</strong></span> <span class='ocrx_word' id='word_1_202' title='bbox 295 3404 458 3471; x_wconf 90' lang='lat' dir='ltr'><strong>minimum</strong></span> <span class='ocrx_word' id='word_1_203' title='bbox 482 3425 523 3471; x_wconf 82' lang='lat' dir='ltr'><strong>ex</strong></span> <span class='ocrx_word' id='word_1_204' title='bbox 546 3424 680 3504; x_wconf 90' lang='lat' dir='ltr'><strong>corpore</strong></span> <span class='ocrx_word' id='word_1_205' title='bbox 709 3405 794 3487; x_wconf 89' lang='lat' dir='ltr'><strong>tulit,</strong></span> <span class='ocrx_word' id='word_1_206' title='bbox 823 3405 850 3471; x_wconf 92' lang='lat' dir='ltr'><strong>si</strong></span> <span class='ocrx_word' id='word_1_207' title='bbox 884 3404 1049 3471; x_wconf 89' lang='lat' dir='ltr'><strong>sordidum</strong></span> <span class='ocrx_word' id='word_1_208' title='bbox 1077 3425 1172 3471; x_wconf 91' lang='lat' dir='ltr'><strong>omne</strong></span> <span class='ocrx_word' id='word_1_209' title='bbox 1199 3404 1337 3475; x_wconf 80' lang='lat' dir='ltr'><strong>detersit</strong></span> 
     </span>
     <span class='ocr_line' id='line_1_28' title="bbox 116 3511 1049 3599; baseline 0.004 -24"><span class='ocrx_word' id='word_1_210' title='bbox 116 3518 144 3575; x_wconf 92' lang='lat' dir='ltr'><strong>et</strong></span> <span class='ocrx_word' id='word_1_211' title='bbox 166 3512 337 3599; x_wconf 84' lang='lat' dir='ltr'><strong>expeditus</strong></span> <span class='ocrx_word' id='word_1_212' title='bbox 360 3512 507 3596; x_wconf 84' lang='lat' dir='ltr'><strong>levisque</strong></span> <span class='ocrx_word' id='word_1_213' title='bbox 530 3533 570 3579; x_wconf 92' lang='lat' dir='ltr'><strong>ac</strong></span> <span class='ocrx_word' id='word_1_214' title='bbox 592 3520 749 3579; x_wconf 81' lang='lat' dir='ltr'><strong>contentas</strong></span> <span class='ocrx_word' id='word_1_215' title='bbox 771 3514 888 3578; x_wconf 85' lang='lat' dir='ltr'><strong>modico</strong></span> <span class='ocrx_word' id='word_1_216' title='bbox 912 3511 1049 3579; x_wconf 88' lang='lat' dir='ltr'><strong>emicuit.</strong></span> 
     </span>
    </p>

    <p class='ocr_par' dir='ltr' id='par_1_11' title="bbox 197 3618 950 3689">
     <span class='ocr_line' id='line_1_29' title="bbox 197 3618 950 3689; baseline -0.003 -4"><span class='ocrx_word' id='word_1_217' title='bbox 197 3620 235 3689; x_wconf 91' lang='lat' dir='ltr'><strong>T.</strong></span> <span class='ocrx_word' id='word_1_218' title='bbox 260 3618 342 3686; x_wconf 82' lang='lat' dir='ltr'><strong>Anu.</strong></span> <span class='ocrx_word' id='word_1_219' title='bbox 365 3619 442 3685; x_wconf 89' lang='lat' dir='ltr'><strong>XIV</strong></span> <span class='ocrx_word' id='word_1_220' title='bbox 465 3621 518 3687; x_wconf 79' lang='lat'><strong>54.</strong></span> <span class='ocrx_word' id='word_1_221' title='bbox 534 3622 569 3687; x_wconf 87' lang='lat'><strong>6:</strong></span> <span class='ocrx_word' id='word_1_222' title='bbox 595 3620 628 3685; x_wconf 89' lang='lat' dir='ltr'><strong>in</strong></span> <span class='ocrx_word' id='word_1_223' title='bbox 650 3618 711 3685; x_wconf 89' lang='lat' dir='ltr'><strong>hoc</strong></span> <span class='ocrx_word' id='word_1_224' title='bbox 733 3622 841 3687; x_wconf 81' lang='lat' dir='ltr'><strong>iliacrc</strong></span> <span class='ocrx_word' id='word_1_225' title='bbox 862 3622 950 3685; x_wconf 82' lang='lat' dir='ltr'><strong>vitoe.</strong></span> 
     </span>
    </p>

    <p class='ocr_par' dir='ltr' id='par_1_12' title="bbox 115 3724 1333 3919">
     <span class='ocr_line' id='line_1_30' title="bbox 199 3724 1333 3812; baseline 0.002 -19"><span class='ocrx_word' id='word_1_226' title='bbox 199 3726 232 3793; x_wconf 90' lang='lat' dir='ltr'><strong>S.</strong></span> <span class='ocrx_word' id='word_1_227' title='bbox 259 3726 300 3792; x_wconf 91' lang='lat' dir='ltr'><strong>dc</strong></span> <span class='ocrx_word' id='word_1_228' title='bbox 324 3724 428 3795; x_wconf 88' lang='lat' dir='ltr'><strong>benef.</strong></span> <span class='ocrx_word' id='word_1_229' title='bbox 452 3726 500 3790; x_wconf 93' lang='lat' dir='ltr'><strong>III</strong></span> <span class='ocrx_word' id='word_1_230' title='bbox 520 3728 573 3794; x_wconf 88' lang='grc'><strong>31.</strong></span> <span class='ocrx_word' id='word_1_231' title='bbox 590 3728 624 3793; x_wconf 79' lang='lat'><strong>5:</strong></span> <span class='ocrx_word' id='word_1_232' title='bbox 650 3747 779 3793; x_wconf 89' lang='lat' dir='ltr'><strong>cursum</strong></span> <span class='ocrx_word' id='word_1_233' title='bbox 795 3725 837 3791; x_wconf 92' lang='lat' dir='ltr'><strong>ad</strong></span> <span class='ocrx_word' id='word_1_234' title='bbox 853 3734 975 3793; x_wconf 92' lang='lat' dir='ltr'><strong>rectum</strong></span> <span class='ocrx_word' id='word_1_235' title='bbox 989 3729 1048 3791; x_wconf 80' lang='lat' dir='ltr'><strong>iter</strong></span> <span class='ocrx_word' id='word_1_236' title='bbox 1061 3730 1140 3792; x_wconf 83' lang='lat' dir='ltr'><strong>vitoe</strong></span> <span class='ocrx_word' id='word_1_237' title='bbox 1155 3725 1333 3812; x_wconf 58' lang='lat' dir='ltr'><strong>derexisse</strong></span> 
     </span>
     <span class='ocr_line' id='line_1_31' title="bbox 115 3829 785 3919; baseline -0.003 -18"><span class='ocrx_word' id='word_1_238' title='bbox 115 3829 169 3916; x_wconf 83' lang='lat' dir='ltr'><strong>Ep.</strong></span> <span class='ocrx_word' id='word_1_239' title='bbox 193 3836 245 3903; x_wconf 83' lang='lat'><strong>44.</strong></span> <span class='ocrx_word' id='word_1_240' title='bbox 263 3837 298 3901; x_wconf 76' lang='lat' dir='ltr'><strong>&#39;lz</strong></span> <span class='ocrx_word' id='word_1_241' title='bbox 322 3853 381 3919; x_wconf 92' lang='lat' dir='ltr'><strong>per</strong></span> <span class='ocrx_word' id='word_1_242' title='bbox 403 3831 595 3902; x_wconf 88' lang='lat' dir='ltr'><strong>insidiosum</strong></span> <span class='ocrx_word' id='word_1_243' title='bbox 618 3837 676 3899; x_wconf 82' lang='lat' dir='ltr'><strong>lter</strong></span> <span class='ocrx_word' id='word_1_244' title='bbox 698 3837 785 3899; x_wconf 81' lang='lat' dir='ltr'><strong>vitoe.</strong></span> 
     </span>
    </p>

    <p class='ocr_par' dir='ltr' id='par_1_13' title="bbox 117 3939 1332 4132">
     <span class='ocr_line' id='line_1_32' title="bbox 196 3939 1332 4026; baseline 0 -19"><span class='ocrx_word' id='word_1_245' title='bbox 196 3942 234 4011; x_wconf 93' lang='lat' dir='ltr'><strong>T.</strong></span> <span class='ocrx_word' id='word_1_246' title='bbox 264 3940 346 4007; x_wconf 82' lang='lat' dir='ltr'><strong>Anu.</strong></span> <span class='ocrx_word' id='word_1_247' title='bbox 370 3940 447 4007; x_wconf 88' lang='lat' dir='ltr'><strong>XIV</strong></span> <span class='ocrx_word' id='word_1_248' title='bbox 470 3942 597 4008; x_wconf 66' lang='lat'>5414:</span> <span class='ocrx_word' id='word_1_249' title='bbox 631 3940 692 4006; x_wconf 93' lang='lat' dir='ltr'><strong>hoc</strong></span> <span class='ocrx_word' id='word_1_250' title='bbox 724 3960 852 4025; x_wconf 91' lang='lat' dir='ltr'><strong>quoque</strong></span> <span class='ocrx_word' id='word_1_251' title='bbox 879 3940 912 4005; x_wconf 93' lang='lat' dir='ltr'><strong>in</strong></span> <span class='ocrx_word' id='word_1_252' title='bbox 940 3946 1029 4006; x_wconf 90' lang='lat' dir='ltr'><strong>tuam</strong></span> <span class='ocrx_word' id='word_1_253' title='bbox 1061 3939 1198 4023; x_wconf 85' lang='lat' dir='ltr'><strong>gloriam</strong></span> <span class='ocrx_word' id='word_1_254' title='bbox 1230 3939 1332 4026; x_wconf 76' lang='lat' dir='ltr'><strong>cedet,</strong></span> 
     </span>
     <span class='ocr_line' id='line_1_33' title="bbox 117 4046 1003 4132; baseline 0.005 -22"><span class='ocrx_word' id='word_1_255' title='bbox 117 4064 167 4112; x_wconf 88' lang='lat' dir='ltr'><strong>eos</strong></span> <span class='ocrx_word' id='word_1_256' title='bbox 188 4051 229 4114; x_wconf 88' lang='lat' dir='ltr'><strong>od</strong></span> <span class='ocrx_word' id='word_1_257' title='bbox 249 4071 373 4115; x_wconf 76' lang='lat' dir='ltr'><strong>mammo</strong></span> <span class='ocrx_word' id='word_1_258' title='bbox 394 4052 512 4114; x_wconf 63' lang='lat' dir='ltr'><strong>occaso</strong></span> <span class='ocrx_word' id='word_1_259' title='bbox 533 4048 588 4132; x_wconf 91' lang='lat' dir='ltr'><strong>qui</strong></span> <span class='ocrx_word' id='word_1_260' title='bbox 613 4054 645 4114; x_wconf 92' lang='lat' dir='ltr'><strong>et</strong></span> <span class='ocrx_word' id='word_1_261' title='bbox 666 4046 795 4114; x_wconf 89' lang='lat' dir='ltr'><strong>modica</strong></span> <span class='ocrx_word' id='word_1_262' title='bbox 818 4048 1003 4115; x_wconf 89' lang='lat' dir='ltr'><strong>tolerarent.</strong></span> 
     </span>
    </p>

    <p class='ocr_par' dir='ltr' id='par_1_14' title="bbox 116 4152 1332 4440">
     <span class='ocr_line' id='line_1_34' title="bbox 197 4152 1332 4241; baseline -0.001 -19"><span class='ocrx_word' id='word_1_263' title='bbox 197 4156 228 4223; x_wconf 87' lang='lat' dir='ltr'><strong>S.</strong></span> <span class='ocrx_word' id='word_1_264' title='bbox 256 4160 321 4221; x_wconf 90' lang='lat' dir='ltr'><strong>nat</strong></span> <span class='ocrx_word' id='word_1_265' title='bbox 349 4162 475 4239; x_wconf 89' lang='lat' dir='ltr'><strong>quaest.</strong></span> <span class='ocrx_word' id='word_1_266' title='bbox 501 4154 548 4219; x_wconf 94' lang='lat' dir='ltr'><strong>lll</strong></span> <span class='ocrx_word' id='word_1_267' title='bbox 577 4154 677 4241; x_wconf 83' lang='lat' dir='ltr'><strong>praei.</strong></span> <span class='ocrx_word' id='word_1_268' title='bbox 702 4158 735 4223; x_wconf 89' lang='lat'><strong>8:</strong></span> <span class='ocrx_word' id='word_1_269' title='bbox 768 4152 854 4233; x_wconf 80' lang='lat' dir='ltr'><strong>Quid</strong></span> <span class='ocrx_word' id='word_1_270' title='bbox 887 4154 1055 4222; x_wconf 83' lang='lat' dir='ltr'><strong>exsultas?</strong></span> <span class='ocrx_word' id='word_1_271' title='bbox 1089 4154 1183 4234; x_wconf 89' lang='lat' dir='ltr'><strong>haec,</strong></span> <span class='ocrx_word' id='word_1_272' title='bbox 1216 4153 1332 4238; x_wconf 88' lang='lat' dir='ltr'><strong>quibus</strong></span> 
     </span>
     <span class='ocr_line' id='line_1_35' title="bbox 117 4261 1331 4347; baseline 0.005 -25"><span class='ocrx_word' id='word_1_273' title='bbox 117 4262 226 4329; x_wconf 73' lang='lat' dir='ltr'><strong>uetois</strong></span> <span class='ocrx_word' id='word_1_274' title='bbox 248 4265 290 4329; x_wconf 86' lang='lat' dir='ltr'><strong>nd</strong></span> <span class='ocrx_word' id='word_1_275' title='bbox 311 4286 475 4345; x_wconf 84' lang='lat' dir='ltr'><strong>summam,</strong></span> <span class='ocrx_word' id='word_1_276' title='bbox 500 4262 606 4330; x_wconf 79' lang='lat' dir='ltr'><strong>mesols</strong></span> <span class='ocrx_word' id='word_1_277' title='bbox 631 4262 685 4329; x_wconf 93' lang='lat' dir='ltr'><strong>uhi</strong></span> <span class='ocrx_word' id='word_1_278' title='bbox 708 4268 740 4328; x_wconf 88' lang='lat' dir='ltr'><strong>te</strong></span> <span class='ocrx_word' id='word_1_279' title='bbox 763 4262 917 4329; x_wconf 87' lang='lat' dir='ltr'><strong>relictura</strong></span> <span class='ocrx_word' id='word_1_280' title='bbox 940 4261 1018 4328; x_wconf 88' lang='lat' dir='ltr'><strong>sint:</strong></span> <span class='ocrx_word' id='word_1_281' title='bbox 1044 4261 1208 4327; x_wconf 91' lang='lat' dir='ltr'><strong>habebunt</strong></span> <span class='ocrx_word' id='word_1_282' title='bbox 1230 4281 1331 4347; x_wconf 78' lang='lat' dir='ltr'><strong>suum,</strong></span> 
     </span>
     <span class='ocr_line' id='line_1_36' title="bbox 116 4370 1050 4440; baseline 0.01 -11"><span class='ocrx_word' id='word_1_283' title='bbox 116 4384 174 4433; x_wconf 93' lang='lat' dir='ltr'><strong>non</strong></span> <span class='ocrx_word' id='word_1_284' title='bbox 194 4376 282 4436; x_wconf 92' lang='lat' dir='ltr'><strong>tuum</strong></span> <span class='ocrx_word' id='word_1_285' title='bbox 304 4370 410 4440; x_wconf 86' lang='lat' dir='ltr'><strong>finem.</strong></span> <span class='ocrx_word' id='word_1_286' title='bbox 1044 4376 1050 4383; x_wconf 84' lang='lat'><strong><em>&#39;</em></strong></span> 
     </span>
    </p>

    <p class='ocr_par' dir='ltr' id='par_1_15' title="bbox 117 4473 1360 4779">
     <span class='ocr_line' id='line_1_37' title="bbox 197 4473 1331 4560; baseline 0.001 -19"><span class='ocrx_word' id='word_1_287' title='bbox 197 4478 234 4543; x_wconf 91' lang='lat' dir='ltr'><strong>T.</strong></span> <span class='ocrx_word' id='word_1_288' title='bbox 259 4477 340 4545; x_wconf 86' lang='lat' dir='ltr'><strong>Ann.</strong></span> <span class='ocrx_word' id='word_1_289' title='bbox 364 4478 426 4544; x_wconf 92' lang='lat' dir='ltr'><strong>XV</strong></span> <span class='ocrx_word' id='word_1_290' title='bbox 450 4480 502 4545; x_wconf 76' lang='lat'><strong>62.</strong></span> <span class='ocrx_word' id='word_1_291' title='bbox 517 4480 551 4543; x_wconf 78' lang='lat'><strong>2:</strong></span> <span class='ocrx_word' id='word_1_292' title='bbox 577 4496 750 4545; x_wconf 85' lang='lat' dir='ltr'><strong>conversus</strong></span> <span class='ocrx_word' id='word_1_293' title='bbox 765 4475 808 4541; x_wconf 91' lang='lat' dir='ltr'><strong>ad</strong></span> <span class='ocrx_word' id='word_1_294' title='bbox 823 4477 945 4543; x_wconf 89' lang='lat' dir='ltr'><strong>amicos</strong></span> <span class='ocrx_word' id='word_1_295' title='bbox 960 4479 1019 4558; x_wconf 87' lang='lat' dir='ltr'><strong>(so.</strong></span> <span class='ocrx_word' id='word_1_296' title='bbox 1035 4473 1184 4560; x_wconf 89' lang='lat' dir='ltr'><strong>Seneca),</strong></span> <span class='ocrx_word' id='word_1_297' title='bbox 1201 4475 1331 4559; x_wconf 88' lang='lat' dir='ltr'><strong>quando</strong></span> 
     </span>
     <span class='ocr_line' id='line_1_38' title="bbox 117 4582 1332 4670; baseline 0.005 -25"><span class='ocrx_word' id='word_1_298' title='bbox 117 4586 222 4650; x_wconf 73' lang='lat' dir='ltr'><strong>mnata</strong></span> <span class='ocrx_word' id='word_1_299' title='bbox 252 4604 362 4651; x_wconf 91' lang='lat' dir='ltr'><strong>eorum</strong></span> <span class='ocrx_word' id='word_1_300' title='bbox 388 4591 507 4670; x_wconf 82' lang='lat' dir='ltr'><strong>referre</strong></span> <span class='ocrx_word' id='word_1_301' title='bbox 531 4589 665 4667; x_wconf 68' lang='lat' dir='ltr'><strong>poliam</strong></span> <span class='ocrx_word' id='word_1_302' title='bbox 687 4584 922 4669; x_wconf 87' lang='lat' dir='ltr'><strong>prohiberetur,</strong></span> <span class='ocrx_word' id='word_1_303' title='bbox 956 4582 1043 4668; x_wconf 92' lang='lat' dir='ltr'><strong>quod</strong></span> <span class='ocrx_word' id='word_1_304' title='bbox 1075 4602 1172 4648; x_wconf 88' lang='lat' dir='ltr'><strong>unum</strong></span> <span class='ocrx_word' id='word_1_305' title='bbox 1204 4582 1270 4649; x_wconf 91' lang='lat' dir='ltr'><strong>iam</strong></span> <span class='ocrx_word' id='word_1_306' title='bbox 1298 4591 1332 4651; x_wconf 91' lang='lat' dir='ltr'><strong>et</strong></span> 
     </span>
     <span class='ocr_line' id='line_1_39' title="bbox 117 4690 1360 4779; baseline 0.006 -28"><span class='ocrx_word' id='word_1_307' title='bbox 117 4690 215 4757; x_wconf 89' lang='lat' dir='ltr'><strong>tamen</strong></span> <span class='ocrx_word' id='word_1_308' title='bbox 237 4691 484 4779; x_wconf 89' lang='lat' dir='ltr'><strong>pulcherrimum</strong></span> <span class='ocrx_word' id='word_1_309' title='bbox 506 4691 635 4777; x_wconf 78' lang='lat' dir='ltr'><strong>habeat,</strong></span> <span class='ocrx_word' id='word_1_310' title='bbox 658 4695 821 4775; x_wconf 73' lang='lat' dir='ltr'><strong>inroplaenr</strong></span> <span class='ocrx_word' id='word_1_311' title='bbox 843 4695 922 4757; x_wconf 80' lang='lat' dir='ltr'><strong>uitae</strong></span> <span class='ocrx_word' id='word_1_312' title='bbox 940 4714 1015 4757; x_wconf 76' lang='lat' dir='ltr'><strong>aroc</strong></span> <span class='ocrx_word' id='word_1_313' title='bbox 1029 4690 1211 4774; x_wconf 88' lang='lat' dir='ltr'><strong>relinquere</strong></span> <span class='ocrx_word' id='word_1_314' title='bbox 1231 4696 1330 4758; x_wconf 87' lang='lat' dir='ltr'><strong>testa·</strong></span> <span class='ocrx_word' id='word_1_315' title='bbox 1357 4731 1360 4735; x_wconf 56' lang='lat'>&gt;</span> 
     </span>
    </p>
   </div>
   <div class='ocr_carea' id='block_1_4' title="bbox 0 0 1734 5200">
    <p class='ocr_par' dir='ltr' id='par_1_16' title="bbox 0 0 1734 5200">
     <span class='ocr_line' id='line_1_40' title="bbox 0 0 1734 5200; baseline 0 0"><span class='ocrx_word' id='word_1_316' title='bbox 0 0 1734 5200; x_wconf 95' lang='lat' dir='ltr'><strong> </strong></span> 
     </span>
    </p>
   </div>
  </div>
 </body>
</html>
