3459 5200
761 407 803 470 73

168 601 341 668 iambicam
364 622 476 667 vocem
500 601 533 666 in
557 601 685 668 senario
708 601 846 667 iambico
877 601 947 667 sine
975 601 1041 666 ullo
1073 603 1205 686 negotio
1237 621 1394 688 usurpare

167 708 253 776 lieet.

254 888 308 967 40,
333 889 353 954 3
377 891 412 952 τδ
435 895 543 974 πτῶμα
565 893 673 965 κοινόν,
700 883 769 952 ἀλλ’
792 885 915 960 ἄνισος
938 883 955 950 δ
978 892 1097 973 χρόνος.

167 992 332 1078 Simplicis
356 992 510 1058 adieetivi
530 993 598 1067 ἴσος
619 993 758 1079 priorem
783 993 944 1078 syllabam
966 992 1106 1059 Ioannes
1129 993 1292 1079 corripere
1311 992 1394 1060 nolet
1523 985 1529 1000 '

166 1098 222 1180 (ef.
246 1102 277 1184 3,
303 1102 333 1166 9.
366 1101 415 1184 12,
431 1103 461 1167 6.
493 1102 615 1184 33,14.
645 1101 699 1184 54,
716 1101 768 1168 66.
801 1103 852 1178 72,
869 1101 900 1167 6.
924 1101 977 1183 92,
994 1101 1050 1180 88)
1075 1119 1115 1165 ao
1137 1120 1180 1166 ne
1203 1099 1304 1167 semel
1326 1100 1393 1184 qui·

166 1205 240 1272 dem
263 1204 424 1292 produxit.

255 1315 309 1398 27,
336 1314 377 1379 19
401 1314 488 1400 δέχου
511 1309 582 1398 παρ’
606 1310 701 1400 ηριῦν,
726 1313 766 1387 ὡς
790 1315 936 1397 βασιλὶς
960 1317 1021 1399 μέν,
1046 1318 1154 1400 στέφος

255 1420 285 1504 3,
309 1421 352 1486 25
375 1424 472 1493 συνεὶς
495 1421 644 1485 δὲταῦτα
667 1424 721 1484 καὶ
742 1422 904 1505 ποταμὸς
926 1416 1024 1506 ἠρέμα

256 1528 308 1603 27,
336 1527 375 1590 13
398 1524 514 1592 ἐκτῖδεν
537 1521 627 1599 οὗτος
649 1523 666 1590 δ
690 1531 865 1615 στέφανος
889 1525 1006 1612 ἐπλάκη

255 1631 360 1716 Etym.
387 1635 450 1699 186
472 1643 574 1717 κροτεῖ
596 1638 782 1721 κρόταφος
805 1635 859 1718 τὴν
882 1630 962 1721 ἁφὴν
985 1635 1100 1720 σφῦζων
1122 1631 1197 1714 ἄγαν

254 1737 360 1821 Etym.
384 1740 427 1805 66
451 1741 545 1812 πέλας
568 1740 600 1802 δὲ
622 1751 677 1826 γης
701 1739 858 1821 πέλαγος
880 1736 951 1802 εἶναι
973 1740 1100 1803 δεικνῦει

164 1877 190 1894 v
248 1877 357 2017 Etym
374 1877 440 1999 {9-
452 1932 475 2018 ᾧ
498 1935 645 2033 κλῖρατι
665 1939 797 2000 νένευκεν
820 1930 840 2019 ἡ
863 1939 979 2020 κόσμου
1000 1935 1085 2007 δέοις

254 2131 307 2207 36,
332 2131 374 2196 37
399 2131 534 2216 ἔμψυχος
555 2126 642 2194 εἰκὼν
664 2128 798 2216 ἀρετῆς
820 2128 856 2216 ἡν
878 2133 931 2194 καὶ
952 2133 1045 2202 τῦπος

253 2237 305 2320 36,
327 2236 373 2302 44
396 2232 430 2301 οῦ
454 2239 510 2320 γὰρ
532 2240 659 2322 πέφυκεν
683 2233 792 2322 ἀρετὴ
816 2237 960 2322 θνήσκειν
984 2235 1063 2309 ὅλως

253 2343 306 2420 37,
332 2343 428 2408 2καὶ
450 2343 637 2430 δυστυχοῦσιν
659 2341 764 2429 ἀρετή
787 2364 818 2406 τε
840 2347 893 2407 καὶ
916 2345 1000 2426 λόγοι

252 2450 306 2528 54,
332 2450 352 2515 2
376 2447 514 2537 ἄκουσμα
537 2454 658 2534 φρικτὸν
683 2451 852 2532 βασιλεῦς
875 2446 1065 2536 αὐτοκράτωρ

253 2557 307 2634 81,
332 2556 352 2621 3
376 2552 392 2621 ὁ
416 2558 473 2642 γὰρ
496 2559 552 2641 πρὸ
577 2565 682 2643 μικροῦ
706 2557 877 2640 βασιλεὺς
899 2558 1083 2644 κεκλημένος

253 2664 306 2747 83,
331 2662 351 2729 5
374 2667 427 2727 καὶ
450 2664 619 2746 βασιλεὺς
642 2662 765 2749 ἥκουσα,
789 2672 854 2749 ρεῦ,
879 2667 932 2727 καῖ
954 2666 1101 2750 δεσπότης

253 2771 305 2852 84,
333 2774 346 2834 l
372 2771 408 2832 σι’)
431 2770 612 2852 βασιλεῦς,
636 2767 744 2855 ῦψιστε,
768 2771 879 2834 καὶσὺ
902 2772 1048 2855 δεσπότης

253 2877 305 2954 84,
330 2878 351 2943 2
375 2880 454 2962 ζωῆς
476 2872 616 2963 ὑπάρχων
639 2879 738 2960 κῦριος
759 2880 812 2942 καὶ
834 2879 995 2942 θανάτου

253 2984 305 3061 88,
331 2986 352 3048 2
375 2980 449 3068 ἀνὴρ
474 2980 562 3048 Λέων
586 2984 617 3046 δὲ
640 2992 691 3047 νῦν
715 2986 768 3056 σδς
791 2979 908 3067 οἰκτρὸς
930 2981 1052 3068 ἱκέτης

252 3088 304 3172 35,
331 3090 370 3154 15
395 3092 498 3175 φωτιζε
519 3092 568 3153 τδν
592 3095 651 3167 σόν,
676 3086 845 3176 Μιχαὴλ,
870 3087 1010 3175 Ἰωάννην

253 3194 358 3279 Etym.
383 3196 427 3261 44
449 3200 662 3282 κατηγόρησαν
687 3192 714 3259 οἱ
737 3198 831 3261 πάλαι
854 3197 921 3269 τοὺς
945 3194 1096 3280 ἀνέμους

251 3300 357 3386 Etym.
382 3303 426 3367 65
448 3301 514 3384 ἄγει
537 3302 679 3375 πλέοντας
702 3302 860 3385 ἐηγῦθενῑ)
883 3312 935 3366 τοῦ
958 3306 1117 3367 θανάτου

250 3407 355 3492 Etym.
383 3409 424 3474 78
448 3407 603 3480 ἐξάλλεται
624 3411 813 3492 κρῦσταλλος
835 3409 871 3472 ἐκ
893 3420 952 3475 των
975 3404 1108 3475 ὑδάτων

250 3588 304 3667 59,
329 3587 349 3651 3
373 3589 473 3669 σῴζων
497 3582 640 3669 ἀσινῶς,
666 3584 812 3673 ἀσφαλῶς
835 3584 974 3669 διεξάγων

253 3693 303 3777 19,
327 3693 348 3758 6
371 3701 419 3757 νῦν
443 3696 495 3756 καῖ
518 3693 681 3774 βασιλεῖς
703 3696 909 3778 προσκυνητὰς
931 3690 1048 3765 ἑλκῦεις

250 3800 303 3877 53,
329 3802 348 3866 7
373 3801 477 3881 βάλλει
500 3801 678 3882 βασιλεῖς,
702 3797 755 3871 οὓς
777 3801 911 3881 σέβονται
933 3804 986 3865 καῖ
1008 3799 1092 3865 λίθοι

251 3905 303 3991 56,
330 3907 372 3972 10
392 3915 491 3971 τοῦτον
515 3908 676 3989 βασιλεῖς
698 3904 858 3977 δεξιοῦνται
880 3910 1030 3979 πλουσίως

252 4013 303 4087 71,
331 4014 347 4078 1
373 4015 477 4084 πιοτδς
499 4014 682 4095 βασιλεῦς,
708 4009 832 4098 εὐσεβὴς
855 4010 1045 4098 αὐτοκράτωρ

252 4120 303 4203 72,
330 4123 345 4184 1
373 4117 473 4185 ἄλλων
497 4121 679 4202 βασιλεῦς,
703 4124 757 4193 σδς
780 4121 811 4184 δὲ
833 4124 933 4193 πιστὸς
955 4118 1073 4206 οἰκέτης

251 4228 302 4309 74,
326 4226 347 4292 5
370 4224 445 4292 ὅταν
468 4228 636 4310 βασιλεὺς
659 4225 792 4313 οῦρανων
813 4227 922 4313 κρίνων
944 4232 1028 4292 κάτω

250 4335 303 4410 74,
328 4335 348 4399 6
372 4334 440 4405 τοὺς
463 4345 519 4419 γης
542 4336 706 4417 βασιλεῖς
727 4331 771 4407 εἰς
792 4339 884 4419 κρίσιν
908 4338 1036 4422 φρικτὴν
1059 4333 1120 4419 ἄγη

254 4580 272 4649 ¹)
300 4580 423 4645 (δυνατώ
443 4577 518 4651 ἱηηύς
537 4598 563 4632 τε
582 4582 640 4637 cod·
659 4582 723 4637 vat.
743 4582 788 4637 Gr.
809 4582 887 4647 1269,
906 4579 981 4653 ἔγγὺς
999 4582 1025 4633 τὲ
1042 4582 1101 4639 cod.
1116 4582 1182 4639 vat.
1200 4582 1247 4640 Gr.
1266 4583 1331 4648 889;
1351 4584 1386 4641 ci.

160 4669 347 4739 Appendieem
364 4670 392 4725 II
411 4670 426 4738 3
445 4672 470 4726 ῦ.
