3459 5200
915 544 1116 641 ‚ra-

429 754 553 819 horum
578 772 737 836 generum
760 752 934 817 distinctio
958 772 1033 817 cum
1057 752 1280 817 conversione
1308 752 1367 817 illa
1389 757 1423 818 et
1444 756 1604 819 metricae

429 862 463 923 et
486 857 634 923 musicae
662 857 760 935 artis,
790 876 875 940 quae
903 855 984 920 belli
1012 856 1294 938 Peloponnesiaci
1323 860 1433 921 aetate
1458 858 1603 923 Athenis

429 962 463 1025 in
485 962 569 1025 urbe
591 979 652 1044 per
669 960 896 1038 Timotheum,
915 956 1075 1042 Phrynin,
1092 958 1326 1038 Philoxenum,
1342 960 1604 1044 Melanippidem

428 1065 513 1130 alios
537 1065 626 1129 lacta
648 1069 715 1129 est:
744 1084 810 1146 qua
839 1066 1047 1145 quantopere
1077 1062 1220 1128 civitatis
1247 1064 1351 1127 animi
1376 1064 1512 1129 excitati
1538 1064 1604 1129 sint

428 1169 537 1234 adhuc
560 1188 601 1233 ex
622 1167 861 1250 Aristophanis
885 1166 1070 1231 comoediis
1093 1166 1327 1249 perspicimus
1366 1166 1440 1245 Quo
1457 1169 1603 1250 cognito,
1702 1208 1703 1237 2

429 1272 582 1337 simodo
606 1292 691 1355 quae
712 1291 745 1354 p.
769 1272 811 1336 78
833 1292 907 1355 sqq.
931 1270 1076 1337 disserui
1105 1272 1315 1351 memineris,
1346 1271 1443 1336 lacile
1473 1272 1604 1337 intelle·
1702 1290 1703 1297 ¹

427 1394 502 1457 ges⁹
536 1396 598 1440 cur
635 1375 841 1458 Hephaestio
881 1375 1086 1440 carminibus
1123 1374 1288 1439 absolutis
1326 1394 1435 1457 neque
1473 1372 1604 1460 perperci

428 1476 551 1543 ἄτακτα
575 1498 683 1562 neque
705 1484 863 1562 poemata
885 1477 918 1557 ἐξ
940 1475 1054 1563 ὁμοίων
1078 1477 1232 1543 subicere
1251 1478 1403 1543 voluerit.
1442 1480 1496 1543 Ad
1514 1484 1604 1545 certa
1702 1505 1703 1537 ι

427 1582 517 1647 enim
541 1584 691 1648 carmina
714 1583 853 1648 nomina
876 1582 934 1647 illa
954 1582 1125 1664 pertinere
1154 1602 1197 1647 ne
1226 1587 1297 1647 tum
1328 1583 1464 1665 quidem
1491 1604 1604 1665 gram·
1702 1588 1703 1669 g

427 1687 540 1766 matici
562 1687 658 1752 obliti
683 1690 771 1765 sunt,
795 1706 870 1751 cum
893 1686 1120 1752 locutionibus
1148 1684 1231 1751 acad
1254 1685 1361 1770 σχέσιν
1389 1690 1423 1753 et
1450 1684 1604 1751 ἀπολελι»
1702 1674 1703 1699 ’

427 1788 506 1875 μένα
539 1790 650 1855 solum
683 1789 967 1873 compositionum
1001 1790 1166 1873 quaedam
1202 1790 1376 1855 schemata
1414 1792 1604 1874 significare

429 1894 597 1959 volebant.
642 1894 815 1960 Aristoteli
845 1896 937 1959 certa
966 1893 1260 1975 grammaticorum
1289 1894 1452 1959 vocabula
1489 1897 1606 1978 ignota
1702 1974 1703 1987 ἶ

429 1998 533 2063 luisse
550 1998 654 2062 cuivis
669 1999 780 2062 locum
799 2016 901 2079 supra
917 1998 1054 2063 citatum
1070 1997 1292 2079 perpendenti
1315 1998 1501 2080 apparebit.
1539 2000 1605 2065 Ne·
1702 2035 1703 2049 κ

429 2122 492 2186 que
514 2121 594 2167 vero
618 2101 699 2166 illud
721 2101 966 2184 neglegendum
989 2105 1042 2167 est
1063 2100 1152 2183 apud
1174 2100 1408 2181 Aristotelem,
1436 2122 1546 2185 aquo
1571 2110 1603 2169 et

428 2204 598 2271 Aristides
627 2209 661 2271 et
687 2205 960 2287 Hephaestionea
987 2204 1173 2269 carminum
1202 2203 1324 2270 divisio
1358 2205 1500 2287 pendet,
1535 2207 1602 2273 duo
1702 2222 1703 2235 ³

427 2309 484 2373 illa
507 2328 630 2392 genera
659 2327 734 2372 cum
763 2308 932 2390 primariis
963 2308 1129 2373 sermonis
1155 2298 1322 2391 pedestris
1346 2308 1602 2375 discriminibus

426 2431 447 2476 a
475 2411 667 2477 rhetoribus
698 2412 891 2477 constitutis
921 2431 1049 2477 conexa
1078 2414 1109 2477 et
1140 2413 1295 2493 copulata
1324 2432 1409 2477 esse.
1466 2414 1603 2480 Etenim

427 2515 587 2599 quoniam
607 2516 719 2581 varios
742 2515 974 2599 responsionis
998 2514 1152 2593 ordines,
1181 2516 1217 2579 in
1244 2514 1404 2580 Aristidis
1434 2522 1507 2581 arte
1532 2538 1603 2583 me·

424 2619 510 2685 trica
548 2619 650 2685 nimis
683 2639 879 2704 perversos,
913 2621 996 2685 artis
1030 2619 1220 2685 rhetoricae
1254 2620 1403 2702 magistri
1441 2622 1530 2686 bene
1568 2626 1603 2688 et

424 2727 609 2806 potuerunt
630 2725 823 2789 discernere
846 2728 879 2788 et
903 2724 1179 2806 discreverunt¹)‚
1205 2723 1352 2804 suspicio
1376 2724 1483 2789 oritur
1507 2725 1602 2790 illinc

425 2828 509 2894 duas
532 2828 607 2893 illas
630 2825 731 2907 τάξεις
753 2828 795 2893 ad
817 2828 1001 2894 Aristidem
1024 2847 1192 2893 manasse.

511 2932 633 2997 Verum
656 2932 844 2997 accuratius
868 2932 986 2996 harum
1010 2931 1240 2996 doctrinarum
1263 2931 1501 3012 cognationem
1524 2947 1604 3016 per-

426 3035 580 3118 sequenti
619 3037 706 3100 ratio
740 3035 898 3101 habenda
931 3039 982 3099 est
1020 3035 1120 3099 etiam
1154 3034 1396 3118 Theophrasti,
1432 3055 1533 3118 quern
1570 3044 1605 3103 et

425 3137 604 3222 musicae⁹)
631 3144 664 3203 et
687 3139 874 3204 rhetoricae
904 3138 966 3202 arti
997 3137 1134 3220 eiusque
1163 3156 1239 3201 cum
1266 3138 1400 3220 poetica
1426 3139 1605 3206 familiari-

424 3241 517 3325 taut)
540 3242 767 3325 explorandae
790 3260 929 3323 operam
947 3261 1090 3306 navasse
1114 3261 1131 3304 e
1153 3240 1358 3306 testimoniis
1375 3242 1464 3306 haud
1480 3245 1604 3325 paucis

426 3348 635 3428 compertum
657 3344 837 3421 habemus3
861 3344 902 3408 de
926 3363 990 3426 quo
1015 3343 1132 3410 Cicero
1156 3342 1198 3407 de
1221 3347 1303 3408 orat.
1326 3343 1439 3423 11Ι48,
1464 3347 1527 3411 184
1549 3369 1603 3432 sq.

425 3450 509 3514 haec
531 3448 649 3513 tradit:
685 3448 857 3531 „Namque
880 3467 940 3530 ego
964 3447 1046 3511 illud
1069 3446 1239 3511 assentior
1261 3447 1518 3530 Theophrasto,
1542 3453 1602 3535 qui

423 3555 520 3635 putat
543 3551 742 3629 orationem,
765 3571 850 3634 quae
875 3550 1009 3634 quidem
1032 3550 1077 3614 sit
1094 3549 1199 3632 polita
1214 3553 1314 3633 atque
1332 3549 1419 3616 lacta
1434 3553 1605 3634 quodam-

425 3656 538 3734 modo,
561 3675 632 3720 non
654 3655 791 3720 astricte
815 3654 875 3718 sed
897 3653 1073 3719 remissius
1097 3673 1312 3720 numerosam
1336 3673 1411 3720 esse
1430 3663 1604 3739 oportere.

425 3758 559 3824 Etenim
583 3759 670 3823 sicut
692 3759 748 3822 ille
772 3757 962 3840 suspicatur
986 3777 1026 3822 ex
1048 3756 1123 3821 istis
1150 3756 1275 3835 modis,
1305 3759 1425 3841 quibus
1450 3759 1506 3824 hic
1527 3764 1606 3827 usi-

423 3866 514 3928 tatus
547 3882 662 3930 versus
696 3862 852 3941 efficitur,
886 3866 964 3945 post
997 3864 1216 3942 anapaestus
1252 3862 1427 3942 procerior
1461 3863 1604 3946 quidam

425 3987 584 4032 numerus
607 3965 765 4041 effloruit3
794 3966 873 4029 inde
896 3965 952 4029 ille
975 3964 1130 4029 licentior
1153 3967 1185 4029 et
1208 3963 1342 4030 divitior
1370 3965 1466 4030 lluxit
1488 3967 1606 4053 dithy-

424 4070 575 4147 rambus‚
605 4069 698 4133 cuius
727 4069 879 4134 membra
907 4073 940 4132 et
966 4049 1069 4150 pedes
1098 4067 1132 4149 (i.
1156 4089 1184 4133 e.
1211 4066 1301 4132 κῶλα
1329 4070 1385 4132 καὶ
1405 4067 1530 4154 πόδες),
1564 4079 1605 4140 ut

513 4257 532 4327 ¹)
551 4259 585 4311 cf.
607 4275 630 4312 e.
650 4276 674 4327 g.
700 4257 819 4327 Spengel
841 4257 870 4310 in
894 4257 958 4312 adit.
980 4257 1092 4312 Aristot.
1117 4263 1167 4310 art.
1191 4257 1269 4321 rhet,
1293 4255 1368 4324 Lips.
1394 4257 1475 4321 1867,
1499 4260 1557 4315 rol.
1579 4262 1603 4316 ll

424 4363 449 4416 p.
468 4347 533 4408 398;
551 4345 706 4400 Volkmann
724 4343 877 4400 Rhetorilr²
895 4362 922 4416 p.
940 4345 993 4398 185
1011 4362 1073 4414 sqq.

509 4431 584 4503 ¹)cf.
605 4434 700 4504 fragm.
720 4435 824 4488 87-89
843 4433 885 4487 cd.
905 4433 1045 4496 Wimmen
1063 4431 1137 4501 Lips.
1159 4431 1234 4485 1868.

512 4520 532 4592 ⁸)
551 4521 585 4574 cl.
604 4521 740 4588 Quintil
761 4521 783 4583 1,
802 4521 848 4586 th
868 4521 963 4589 fragm.
983 4521 1025 4574 cl.
1045 4521 1078 4574 65
1096 4519 1240 4584 Wimrner3
1258 4517 1367 4574 Maxim.
1387 4519 1526 4576 Schmidt:
1558 4523 1604 4576 De

422 4609 617 4678 Theophrasto
636 4608 754 4671 rhetore.
772 4608 851 4663 Halis
875 4609 950 4662 1839.
