3459 5200
139 750 198 814 bus
225 754 300 812 eta
327 749 446 813 lacuna
472 769 505 831 p.
532 749 579 827 17,
603 751 661 828 ab,
690 750 854 833 integram
883 755 917 815 et
946 751 1134 816 offensione
1163 752 1304 816 liberam

139 872 210 916 esse
234 871 335 936 supra
357 852 501 930 ostendi,
525 852 586 917 sed
607 853 704 918 aliter
732 853 948 919 iudicandum
976 858 1029 920 est
1055 855 1096 918 dc
1119 855 1303 920 Victorino.

138 957 263 1020 lnsulse
298 956 388 1020 enirn
424 956 642 1039 Aphthonius
680 961 716 1021 ut
751 957 883 1024 videtur
917 957 1132 1040 explicationi
1169 958 1304 1023 aliunde

136 1060 257 1140 petitae
280 1058 423 1124 insaniit
444 1060 653 1124 enuntiatum
675 1059 720 1142 (p.
744 1061 795 1139 58,
821 1062 859 1124 13
885 1062 948 1144 sq.)
978 1081 1077 1140 „nam
1100 1061 1229 1143 epodos
1251 1068 1304 1126 est

136 1164 234 1228 tertia
260 1182 340 1245 pars
369 1167 427 1227 aut
458 1163 616 1245 periodos
650 1163 772 1246 lyricae
801 1165 915 1243 odes“,
946 1184 1030 1247 quae
1052 1165 1156 1230 verba
1178 1169 1212 1229 et
1233 1165 1303 1231 dis·

136 1267 354 1348 putationem,
379 1287 444 1350 qua
467 1267 566 1348 epodi
589 1267 736 1332 nominis
760 1267 854 1350 origo
878 1269 1066 1334 declaretur
1088 1269 1143 1349 (ct.
1164 1269 1302 1334 Fortun.

135 1391 166 1453 p.
189 1372 239 1447 75,
262 1371 332 1453 18),
367 1370 464 1436 loede
498 1370 693 1436 discindunt
721 1376 754 1436 et
782 1375 873 1438 recte
905 1373 995 1454 apud
1022 1372 1302 1438 Fortunatiannm

136 1474 377 1540 desiderantur.
422 1474 508 1538 Ecce

182 1579 264 1642 haec
288 1583 367 1642 sunt
388 1578 635 1644 Fortunatiani:
877 1580 961 1644 haec
983 1579 1162 1644 Victorini:

134 1682 317 1763 „strophen
339 1683 520 1755 vocabant,
555 1731 561 1746 .
587 1732 594 1744 .
618 1731 625 1746 .
651 1731 688 1745 ..
743 1677 902 1766 ,στροφήν
927 1684 1094 1748 vocabant
1100 1731 1301 1762 ......

133 1789 225 1866 post,
260 1804 334 1850 cum
362 1785 396 1849 in
427 1789 610 1867 conspectu
636 1785 689 1850 dei
743 1786 822 1850 dein
858 1786 894 1850 in
933 1789 1117 1868 conspectu
1160 1786 1300 1852 deorum

133 1887 358 1954 consistentes
402 1887 523 1952 cantici
563 1887 690 1971 reliqua
744 1889 832 1953 soliti
862 1889 1050 1954 consistere
1079 1890 1200 1954 cantici
1224 1891 1301 1955 reli·

131 1991 353 2072 peragebant,
387 1991 530 2073 epodon,
565 1985 621 2053 ὅτι
650 1990 689 2074 τῇ
743 2012 808 2075 qua
843 1994 1149 2075 persequebantur,
1185 1994 1314 2076 appels

123 2093 253 2177 Ιστροφῇ
269 2095 322 2156 καὶ
338 2090 527 2176 ἀντιστρόφῳ
541 2093 688 2178 ἐπῇδον.“
742 2097 851 2161 lantes
870 2096 906 2160 id
918 2097 1063 2179 epodon.
1078 2116 1157 2161 nam
1173 2097 1300 2178 epodos

742 2204 794 2264 est
822 2199 922 2264 tertia
947 2220 1026 2282 pars
1054 2204 1113 2264 aut
1140 2201 1300 2282 periodos

742 2303 862 2385 lyricae
879 2304 971 2368 odes
990 2303 1090 2384 igitur
1113 2303 1203 2386 quod
1222 2309 1301 2386 post

741 2403 879 2490 στροφήν
897 2411 931 2471 et
946 2403 1151 2491 ἀντιστροφὴν
1173 2407 1299 2492 ἐπῇδον,

712 2498 715 2602 l
742 2509 900 2574 dicebant
926 2509 1090 2592 epodon.“

129 2633 219 2710 Quin
242 2634 342 2697 etiam
364 2636 491 2715 pugnat
512 2631 594 2696 illud
613 2631 822 2696 enuntiatum
839 2651 915 2695 curn
932 2632 981 2695 eis
1002 2651 1088 2715 quae
1104 2636 1298 2715 sequuntur.

128 2737 227 2820 Apud
241 2737 518 2801 Fortunatianum
540 2736 700 2818 periodus
723 2736 918 2799 nominatur
939 2739 1011 2799 tota
1034 2737 1194 2817 strophae
1214 2734 1298 2799 anti-

129 2842 289 2923 strophae
324 2839 422 2923 epodi
455 2840 661 2921 coniugati0,
702 2860 767 2921 qua
806 2839 841 2902 in
877 2839 1016 2903 notione
1050 2840 1188 2903 minime
1222 2858 1297 2902 esse

127 2944 367 3010 offendendum
397 2962 497 3025 supra
532 2943 775 3008 demonstravi:
809 2942 926 3005 eadem
959 2941 1090 3023 periodi
1123 2942 1173 3005 vis
1208 2942 1297 3025 apud

126 3048 335 3115 Victorinum
359 3046 563 3127 significatur
585 3048 700 3128 aperte
722 3066 753 3127 p.
777 3046 829 3123 58,
855 3046 894 3108 19
915 3045 1028 3109 verbis
1052 3050 1108 3122 „ut
1131 3045 1240 3110 omnis
1263 3049 1297 3109 et

124 3149 248 3235 στροφή
272 3155 304 3215 et
327 3148 525 3233 ἀντίστροφος
551 3149 628 3234 (et)
657 3146 776 3233 ἐπῳδός
802 3149 946 3213 totidem
974 3149 1122 3213 habeant
1151 3148 1296 3230 syllabas

126 3257 162 3319 in
189 3254 343 3335 proxima
371 3254 526 3336 periodo,
556 3273 640 3336 quae
675 3253 837 3318 subicitur
862 3252 1004 3335 priori“;
1034 3252 1074 3315 ci.
1101 3252 1153 3330 58,
1175 3253 1216 3315 23
1240 3251 1295 3328 „in

123 3358 283 3443 proxima
305 3358 415 3440 epodo
439 3357 608 3423 subiectae
631 3357 792 3422 triados“.
837 3357 875 3420 ln
898 3356 1066 3421 communi
1093 3355 1193 3437 igitur
1213 3355 1296 3419 For·

121 3462 292 3528 tunatiani
315 3466 414 3543 atque
429 3461 590 3525 Victorini
613 3461 706 3525 fonte
721 3461 885 3525 vocabulo
900 3458 1031 3542 periodi
1046 3460 1148 3524 trium
1163 3458 1295 3523 illarum

121 3566 342 3648 stropharum
366 3564 533 3647 copulatio
563 3565 746 3646 significata
775 3568 855 3643 erat,
882 3569 960 3646 post
987 3564 1201 3645 Aphthonius
1225 3564 1295 3627 sive

120 3690 312 3753 anonymus
337 3668 470 3751 quidam
494 3689 567 3733 eam
592 3669 691 3751 epodi
721 3668 950 3733 definitionem
979 3688 1064 3751 quae
1093 3671 1163 3732 erat
1190 3667 1294 3731 usita-

117 3774 258 3839 tissima
280 3772 472 3848 inculcavit3
496 3772 535 3836 of.
560 3792 588 3836 e.
611 3792 641 3853 g.
665 3772 749 3835 rhet.
773 3790 820 3853 gr.
843 3772 871 3834 V
893 3773 966 3847 510,
992 3772 1030 3834 17
1055 3789 1104 3852 sq.

210 3876 386 3940 Diversum
419 3876 454 3938 in
486 3876 623 3939 modum
660 3875 722 3939 viri
761 3860 851 3939 docti
890 3874 1056 3955 corrigere
1094 3874 1293 3937 studuerunt

116 4003 151 4065 p.
184 3980 237 4056 58,
263 3979 396 4056 17-23,
418 3983 533 4043 tamen
556 4000 596 4043 ex
620 3997 736 4043 eorum
759 3977 978 4057 coniecturis,
1007 3997 1089 4060 quas
1119 3982 1293 4042 enumerat

115 4082 272 4149 Hensius
284 4082 340 4163 (de
357 4082 437 4147 luba
452 4104 483 4165 p.
499 4083 559 4146 111
574 4082 664 4165 adn.)
678 4080 805 4146 omisso
819 4081 1043 4157 Thiemanno,
1059 4081 1115 4164 qui
1130 4082 1166 4143 in
1181 4082 1292 4145 annal.

113 4186 204 4270 phil.
221 4186 286 4249 vol.
304 4186 363 4249 107
379 4185 489 4268 (1873)
509 4206 542 4268 p.
557 4186 621 4249 437
636 4189 743 4251 totum
762 4186 852 4249 hunc
869 4184 980 4249 locum
997 4185 1168 4266 paululum
1184 4190 1291 4249 muta-

113 4296 193 4355 tum
214 4292 293 4371 post
309 4309 340 4370 p.
357 4290 408 4367 59,
424 4290 466 4353 hd
481 4289 655 4370 ablegavit,
674 4288 757 4353 mihi
775 4288 910 4371 quidem
926 4287 1018 4352 nulla
1033 4287 1124 4352 omni
1140 4293 1291 4370 exparte

113 4390 298 4458 satisfacit
350 4392 467 4457 Verbis
502 4392 633 4471 „omnis
668 4396 701 4456 et
732 4387 853 4475 otpoprl
881 4396 914 4456 et
946 4387 1145 4474 ἀντίστροφος
1172 4386 1291 4474 ἐπῳδός

109 4496 265 4562 totidem
286 4496 434 4560 habeant
457 4496 600 4579 syllabas
624 4496 659 4559 in
686 4496 841 4577 proxima
868 4495 1030 4577 periodo“
1061 4493 1204 4558 dilucide
1233 4494 1290 4558 de-

109 4600 269 4665 claratur
301 4599 356 4681 agi
388 4599 444 4663 hic
477 4598 518 4664 de
551 4598 773 4681 responsione
812 4598 901 4663 inter
937 4598 1127 4683 complures
1163 4598 1289 4664 triades
