<?xml version="1.0" encoding="UTF-8"?>
<!DOCTYPE html PUBLIC "-//W3C//DTD XHTML 1.0 Transitional//EN"
    "http://www.w3.org/TR/xhtml1/DTD/xhtml1-transitional.dtd">
<html xmlns="http://www.w3.org/1999/xhtml" xml:lang="en" lang="en">
 <head>
  <title>
</title>
<meta http-equiv="Content-Type" content="text/html;charset=utf-8" />
  <meta name='ocr-system' content='tesseract 3.04.00' />
  <meta name='ocr-capabilities' content='ocr_page ocr_carea ocr_par ocr_line ocrx_word'/>
</head>
<body>
  <div class='ocr_page' id='page_1' title='image "./detacitosenecae00zimmgoog_0058.png"; bbox 0 0 3459 5200; ppageno 0'>
   <div class='ocr_carea' id='block_1_1' title="bbox 581 1129 845 1215">
    <p class='ocr_par' dir='ltr' id='par_1_1' title="bbox 581 1129 845 1215">
     <span class='ocr_line' id='line_1_1' title="bbox 581 1129 845 1215; baseline 0 -1"><span class='ocrx_word' id='word_1_1' title='bbox 581 1131 679 1214; x_wconf 85' lang='lat' dir='ltr'>Pars</span> <span class='ocrx_word' id='word_1_2' title='bbox 712 1129 845 1215; x_wconf 88' lang='lat' dir='ltr'>altera.</span> 
     </span>
    </p>
   </div>
   <div class='ocr_carea' id='block_1_2' title="bbox 663 1299 768 1315">
    <p class='ocr_par' dir='ltr' id='par_1_2' title="bbox 663 1299 768 1315">
     <span class='ocr_line' id='line_1_2' title="bbox 663 1299 768 1315; baseline 0 -1"><span class='ocrx_word' id='word_1_3' title='bbox 663 1299 768 1315; x_wconf 72' lang='grc' dir='ltr'><em>ΛΜΛΛῙ</em></span> 
     </span>
    </p>
   </div>
   <div class='ocr_carea' id='block_1_3' title="bbox 303 1387 1128 1470">
    <p class='ocr_par' dir='ltr' id='par_1_3' title="bbox 303 1387 1128 1470">
     <span class='ocr_line' id='line_1_3' title="bbox 303 1387 1128 1470; baseline 0.004 -3"><span class='ocrx_word' id='word_1_4' title='bbox 303 1387 352 1468; x_wconf 80' lang='lat' dir='ltr'>bc</span> <span class='ocrx_word' id='word_1_5' title='bbox 379 1387 501 1469; x_wconf 80' lang='lat' dir='ltr'>lecito</span> <span class='ocrx_word' id='word_1_6' title='bbox 530 1390 705 1470; x_wconf 81' lang='lat' dir='ltr'>sermonis</span> <span class='ocrx_word' id='word_1_7' title='bbox 734 1389 914 1469; x_wconf 80' lang='lat' dir='ltr'>lanceari</span> <span class='ocrx_word' id='word_1_8' title='bbox 943 1389 1128 1470; x_wconf 84' lang='lat' dir='ltr'>imitatore.</span> 
     </span>
    </p>
   </div>
   <div class='ocr_carea' id='block_1_4' title="bbox 88 1531 1331 4724">
    <p class='ocr_par' dir='ltr' id='par_1_4' title="bbox 99 1531 1331 3440">
     <span class='ocr_line' id='line_1_4' title="bbox 190 1531 1329 1622; baseline 0.003 -24"><span class='ocrx_word' id='word_1_9' title='bbox 190 1531 317 1598; x_wconf 77' lang='lat' dir='ltr'>Seneca</span> <span class='ocrx_word' id='word_1_10' title='bbox 339 1532 468 1616; x_wconf 90' lang='lat' dir='ltr'>quidem</span> <span class='ocrx_word' id='word_1_11' title='bbox 492 1533 526 1600; x_wconf 91' lang='lat' dir='ltr'>id</span> <span class='ocrx_word' id='word_1_12' title='bbox 550 1534 616 1600; x_wconf 91' lang='lat' dir='ltr'>stili</span> <span class='ocrx_word' id='word_1_13' title='bbox 639 1553 751 1618; x_wconf 88' lang='lat' dir='ltr'>genus,</span> <span class='ocrx_word' id='word_1_14' title='bbox 780 1533 866 1618; x_wconf 90' lang='lat' dir='ltr'>qnod</span> <span class='ocrx_word' id='word_1_15' title='bbox 890 1534 1010 1620; x_wconf 89' lang='lat' dir='ltr'>partim</span> <span class='ocrx_word' id='word_1_16' title='bbox 1033 1555 1054 1600; x_wconf 90' lang='lat' dir='ltr'>a</span> <span class='ocrx_word' id='word_1_17' title='bbox 1076 1541 1169 1620; x_wconf 91' lang='lat' dir='ltr'>patre</span> <span class='ocrx_word' id='word_1_18' title='bbox 1193 1534 1329 1622; x_wconf 89' lang='lat' dir='ltr'>adopta·</span> 
     </span>
     <span class='ocr_line' id='line_1_5' title="bbox 106 1639 1329 1728; baseline 0.007 -27"><span class='ocrx_word' id='word_1_19' title='bbox 106 1646 200 1724; x_wconf 85' lang='lat' dir='ltr'>verat,</span> <span class='ocrx_word' id='word_1_20' title='bbox 222 1639 342 1726; x_wconf 92' lang='lat' dir='ltr'>partim</span> <span class='ocrx_word' id='word_1_21' title='bbox 365 1641 437 1726; x_wconf 89' lang='lat' dir='ltr'>ipse</span> <span class='ocrx_word' id='word_1_22' title='bbox 462 1640 660 1726; x_wconf 72' lang='lat' dir='ltr'><strong>excoluerat,</strong></span> <span class='ocrx_word' id='word_1_23' title='bbox 689 1639 822 1724; x_wconf 89' lang='lat' dir='ltr'>eiusque</span> <span class='ocrx_word' id='word_1_24' title='bbox 845 1642 1077 1727; x_wconf 80' lang='lat' dir='ltr'>proprietatem</span> <span class='ocrx_word' id='word_1_25' title='bbox 1100 1662 1200 1728; x_wconf 91' lang='lat' dir='ltr'>supra</span> <span class='ocrx_word' id='word_1_26' title='bbox 1228 1647 1271 1727; x_wconf 79' lang='lat' dir='ltr'>(p.</span> <span class='ocrx_word' id='word_1_27' title='bbox 1297 1648 1329 1720; x_wconf 80' lang='grc'>2)</span> 
     </span>
     <span class='ocr_line' id='line_1_6' title="bbox 105 1743 1331 1835; baseline 0.004 -25"><span class='ocrx_word' id='word_1_28' title='bbox 105 1743 376 1826; x_wconf 78' lang='lat' dir='ltr'>adumbravimus,</span> <span class='ocrx_word' id='word_1_29' title='bbox 405 1747 574 1832; x_wconf 89' lang='lat' dir='ltr'>usquead</span> <span class='ocrx_word' id='word_1_30' title='bbox 601 1748 689 1814; x_wconf 89' lang='lat' dir='ltr'>vitae</span> <span class='ocrx_word' id='word_1_31' title='bbox 712 1750 834 1814; x_wconf 85' lang='lat' dir='ltr'>cxitnm</span> <span class='ocrx_word' id='word_1_32' title='bbox 861 1749 894 1812; x_wconf 93' lang='lat' dir='ltr'>in</span> <span class='ocrx_word' id='word_1_33' title='bbox 923 1749 1084 1835; x_wconf 90' lang='lat' dir='ltr'>omnibns,</span> <span class='ocrx_word' id='word_1_34' title='bbox 1114 1770 1195 1833; x_wconf 90' lang='lat' dir='ltr'>quos</span> <span class='ocrx_word' id='word_1_35' title='bbox 1224 1748 1331 1815; x_wconf 89' lang='lat' dir='ltr'>soluta</span> 
     </span>
     <span class='ocr_line' id='line_1_7' title="bbox 105 1852 1331 1940; baseline 0.004 -24"><span class='ocrx_word' id='word_1_36' title='bbox 105 1852 242 1919; x_wconf 88' lang='lat' dir='ltr'>oratione</span> <span class='ocrx_word' id='word_1_37' title='bbox 279 1855 422 1940; x_wconf 78' lang='lat' dir='ltr'>scripsit,</span> <span class='ocrx_word' id='word_1_38' title='bbox 456 1855 547 1921; x_wconf 92' lang='lat' dir='ltr'>libris</span> <span class='ocrx_word' id='word_1_39' title='bbox 576 1859 663 1938; x_wconf 86' lang='lat' dir='ltr'>(nam</span> <span class='ocrx_word' id='word_1_40' title='bbox 695 1875 766 1921; x_wconf 91' lang='lat' dir='ltr'>cum</span> <span class='ocrx_word' id='word_1_41' title='bbox 794 1854 845 1921; x_wconf 90' lang='lat' dir='ltr'>bis</span> <span class='ocrx_word' id='word_1_42' title='bbox 874 1855 954 1923; x_wconf 91' lang='lat' dir='ltr'>solis</span> <span class='ocrx_word' id='word_1_43' title='bbox 983 1856 1061 1922; x_wconf 92' lang='lat' dir='ltr'>mibi</span> <span class='ocrx_word' id='word_1_44' title='bbox 1089 1877 1142 1923; x_wconf 92' lang='lat' dir='ltr'>res</span> <span class='ocrx_word' id='word_1_45' title='bbox 1171 1862 1234 1938; x_wconf 84' lang='lat' dir='ltr'>est)</span> <span class='ocrx_word' id='word_1_46' title='bbox 1266 1876 1331 1921; x_wconf 90' lang='lat' dir='ltr'>ser·</span> 
     </span>
     <span class='ocr_line' id='line_1_8' title="bbox 104 1961 1331 2048; baseline 0.004 -26"><span class='ocrx_word' id='word_1_47' title='bbox 104 1961 194 2028; x_wconf 89' lang='lat' dir='ltr'>vavit.</span> <span class='ocrx_word' id='word_1_48' title='bbox 240 1961 321 2028; x_wconf 84' lang='lat' dir='ltr'>Eius</span> <span class='ocrx_word' id='word_1_49' title='bbox 345 1969 453 2029; x_wconf 89' lang='lat' dir='ltr'>autem</span> <span class='ocrx_word' id='word_1_50' title='bbox 472 1962 638 2047; x_wconf 89' lang='lat' dir='ltr'>sermonis,</span> <span class='ocrx_word' id='word_1_51' title='bbox 662 1983 725 2046; x_wconf 92' lang='lat' dir='ltr'>qno</span> <span class='ocrx_word' id='word_1_52' title='bbox 741 1963 876 2030; x_wconf 83' lang='lat' dir='ltr'>Tacitus</span> <span class='ocrx_word' id='word_1_53' title='bbox 896 1963 930 2029; x_wconf 93' lang='lat' dir='ltr'>in</span> <span class='ocrx_word' id='word_1_54' title='bbox 952 1963 1053 2030; x_wconf 82' lang='lat' dir='ltr'>variis</span> <span class='ocrx_word' id='word_1_55' title='bbox 1077 1963 1228 2048; x_wconf 78' lang='lat' dir='ltr'>operibus</span> <span class='ocrx_word' id='word_1_56' title='bbox 1253 1983 1331 2028; x_wconf 87' lang='lat' dir='ltr'>usus</span> 
     </span>
     <span class='ocr_line' id='line_1_9' title="bbox 104 2067 1329 2157; baseline 0.002 -25"><span class='ocrx_word' id='word_1_57' title='bbox 104 2074 164 2146; x_wconf 93' lang='lat' dir='ltr'>cst,</span> <span class='ocrx_word' id='word_1_58' title='bbox 186 2088 249 2134; x_wconf 89' lang='lat' dir='ltr'>non</span> <span class='ocrx_word' id='word_1_59' title='bbox 275 2068 380 2135; x_wconf 89' lang='lat' dir='ltr'>solnm</span> <span class='ocrx_word' id='word_1_60' title='bbox 403 2067 591 2136; x_wconf 91' lang='lat' dir='ltr'>discrimina</span> <span class='ocrx_word' id='word_1_61' title='bbox 614 2076 846 2156; x_wconf 89' lang='lat' dir='ltr'>agnoscuntur,</span> <span class='ocrx_word' id='word_1_62' title='bbox 870 2091 981 2136; x_wconf 85' lang='lat' dir='ltr'>verum</span> <span class='ocrx_word' id='word_1_63' title='bbox 1004 2071 1102 2136; x_wconf 89' lang='lat' dir='ltr'>etiam</span> <span class='ocrx_word' id='word_1_64' title='bbox 1125 2089 1329 2157; x_wconf 88' lang='lat' dir='ltr'>progressus.</span> 
     </span>
     <span class='ocr_line' id='line_1_10' title="bbox 103 2175 1328 2262; baseline 0.001 -23"><span class='ocrx_word' id='word_1_65' title='bbox 103 2175 223 2241; x_wconf 82' lang='lat' dir='ltr'>Etenim</span> <span class='ocrx_word' id='word_1_66' title='bbox 251 2177 286 2241; x_wconf 91' lang='lat' dir='ltr'>in</span> <span class='ocrx_word' id='word_1_67' title='bbox 318 2175 450 2260; x_wconf 79' lang='lat' dir='ltr'>dialogo</span> <span class='ocrx_word' id='word_1_68' title='bbox 480 2175 521 2242; x_wconf 91' lang='lat' dir='ltr'>de</span> <span class='ocrx_word' id='word_1_69' title='bbox 550 2177 746 2261; x_wconf 89' lang='lat' dir='ltr'>oratoribus,</span> <span class='ocrx_word' id='word_1_70' title='bbox 779 2197 874 2261; x_wconf 90' lang='lat' dir='ltr'>quem</span> <span class='ocrx_word' id='word_1_71' title='bbox 903 2177 962 2243; x_wconf 90' lang='lat' dir='ltr'>sub</span> <span class='ocrx_word' id='word_1_72' title='bbox 989 2177 1167 2243; x_wconf 90' lang='lat' dir='ltr'>Domitiani</span> <span class='ocrx_word' id='word_1_73' title='bbox 1195 2175 1328 2262; x_wconf 90' lang='lat' dir='ltr'>imperio</span> 
     </span>
     <span class='ocr_line' id='line_1_11' title="bbox 103 2282 1329 2369; baseline 0.003 -25"><span class='ocrx_word' id='word_1_74' title='bbox 103 2283 289 2367; x_wconf 89' lang='lat' dir='ltr'>composuit,</span> <span class='ocrx_word' id='word_1_75' title='bbox 312 2303 506 2367; x_wconf 89' lang='lat' dir='ltr'>quamquam</span> <span class='ocrx_word' id='word_1_76' title='bbox 531 2303 603 2349; x_wconf 88' lang='lat' dir='ltr'>eam</span> <span class='ocrx_word' id='word_1_77' title='bbox 622 2283 805 2368; x_wconf 88' lang='lat' dir='ltr'>dictionem,</span> <span class='ocrx_word' id='word_1_78' title='bbox 825 2304 922 2369; x_wconf 92' lang='lat' dir='ltr'>quam</span> <span class='ocrx_word' id='word_1_79' title='bbox 937 2282 1155 2362; x_wconf 81' lang='lat' dir='ltr'>Quintilianus</span> <span class='ocrx_word' id='word_1_80' title='bbox 1171 2303 1329 2350; x_wconf 89' lang='lat' dir='ltr'>commcn-</span> 
     </span>
     <span class='ocr_line' id='line_1_12' title="bbox 103 2387 1330 2477; baseline 0.002 -24"><span class='ocrx_word' id='word_1_81' title='bbox 103 2387 241 2474; x_wconf 86' lang='lat' dir='ltr'>daverat,</span> <span class='ocrx_word' id='word_1_82' title='bbox 265 2389 299 2454; x_wconf 93' lang='lat' dir='ltr'>id</span> <span class='ocrx_word' id='word_1_83' title='bbox 320 2397 371 2457; x_wconf 91' lang='lat' dir='ltr'>est</span> <span class='ocrx_word' id='word_1_84' title='bbox 386 2390 629 2457; x_wconf 83' lang='lat' dir='ltr'>Ciceronianum</span> <span class='ocrx_word' id='word_1_85' title='bbox 649 2389 779 2457; x_wconf 89' lang='lat' dir='ltr'>dicendi</span> <span class='ocrx_word' id='word_1_86' title='bbox 795 2411 906 2476; x_wconf 90' lang='lat' dir='ltr'>genus,</span> <span class='ocrx_word' id='word_1_87' title='bbox 927 2391 1073 2476; x_wconf 88' lang='lat' dir='ltr'>sequitur</span> <span class='ocrx_word' id='word_1_88' title='bbox 1086 2398 1185 2475; x_wconf 89' lang='lat' dir='ltr'>atque</span> <span class='ocrx_word' id='word_1_89' title='bbox 1198 2395 1330 2477; x_wconf 89' lang='lat' dir='ltr'>propter</span> 
     </span>
     <span class='ocr_line' id='line_1_13' title="bbox 103 2497 1330 2583; baseline 0.001 -22"><span class='ocrx_word' id='word_1_90' title='bbox 103 2497 273 2562; x_wconf 90' lang='lat' dir='ltr'>oratoriam</span> <span class='ocrx_word' id='word_1_91' title='bbox 307 2497 454 2583; x_wconf 89' lang='lat' dir='ltr'>opusculi</span> <span class='ocrx_word' id='word_1_92' title='bbox 486 2497 656 2564; x_wconf 89' lang='lat' dir='ltr'>materiam</span> <span class='ocrx_word' id='word_1_93' title='bbox 686 2497 851 2564; x_wconf 82' lang='lat' dir='ltr'>Ciceronis</span> <span class='ocrx_word' id='word_1_94' title='bbox 884 2498 926 2564; x_wconf 90' lang='lat' dir='ltr'>de</span> <span class='ocrx_word' id='word_1_95' title='bbox 959 2497 1143 2582; x_wconf 88' lang='lat' dir='ltr'>eloquentia</span> <span class='ocrx_word' id='word_1_96' title='bbox 1176 2498 1330 2563; x_wconf 91' lang='lat' dir='ltr'>librorum</span> 
     </span>
     <span class='ocr_line' id='line_1_14' title="bbox 102 2602 1329 2690; baseline 0.004 -24"><span class='ocrx_word' id='word_1_97' title='bbox 102 2602 310 2672; x_wconf 88' lang='lat' dir='ltr'>imitationem</span> <span class='ocrx_word' id='word_1_98' title='bbox 343 2604 501 2690; x_wconf 85' lang='lat' dir='ltr'>adfectat,</span> <span class='ocrx_word' id='word_1_99' title='bbox 534 2614 642 2673; x_wconf 89' lang='lat' dir='ltr'>tamen</span> <span class='ocrx_word' id='word_1_100' title='bbox 670 2605 812 2690; x_wconf 81' lang='lat' dir='ltr'>vestigia</span> <span class='ocrx_word' id='word_1_101' title='bbox 835 2604 999 2690; x_wconf 87' lang='lat' dir='ltr'>quaedam</span> <span class='ocrx_word' id='word_1_102' title='bbox 1028 2607 1230 2673; x_wconf 87' lang='lat' dir='ltr'>Annaeanae</span> <span class='ocrx_word' id='word_1_103' title='bbox 1263 2605 1329 2671; x_wconf 90' lang='lat' dir='ltr'>dic·</span> 
     </span>
     <span class='ocr_line' id='line_1_15' title="bbox 102 2710 1328 2797; baseline 0.003 -24"><span class='ocrx_word' id='word_1_104' title='bbox 102 2710 195 2779; x_wconf 91' lang='lat' dir='ltr'>tionis</span> <span class='ocrx_word' id='word_1_105' title='bbox 218 2712 369 2797; x_wconf 90' lang='lat' dir='ltr'>quamvis</span> <span class='ocrx_word' id='word_1_106' title='bbox 392 2711 478 2779; x_wconf 87' lang='lat' dir='ltr'>lev-ia</span> <span class='ocrx_word' id='word_1_107' title='bbox 505 2712 550 2778; x_wconf 92' lang='lat' dir='ltr'>ibi</span> <span class='ocrx_word' id='word_1_108' title='bbox 579 2732 706 2796; x_wconf 88' lang='lat' dir='ltr'>qnoque</span> <span class='ocrx_word' id='word_1_109' title='bbox 736 2719 875 2781; x_wconf 83' lang='lat' dir='ltr'>exstant.</span> <span class='ocrx_word' id='word_1_110' title='bbox 922 2712 1097 2778; x_wconf 84' lang='lat' dir='ltr'>Maximum</span> <span class='ocrx_word' id='word_1_111' title='bbox 1126 2721 1235 2779; x_wconf 91' lang='lat' dir='ltr'>autem</span> <span class='ocrx_word' id='word_1_112' title='bbox 1263 2732 1328 2777; x_wconf 93' lang='lat' dir='ltr'>mo·</span> 
     </span>
     <span class='ocr_line' id='line_1_16' title="bbox 102 2818 1328 2905; baseline 0 -22"><span class='ocrx_word' id='word_1_113' title='bbox 102 2827 236 2885; x_wconf 89' lang='lat' dir='ltr'>mentum</span> <span class='ocrx_word' id='word_1_114' title='bbox 262 2819 407 2887; x_wconf 79' lang='lat' dir='ltr'>Senecae</span> <span class='ocrx_word' id='word_1_115' title='bbox 431 2825 464 2886; x_wconf 90' lang='lat' dir='ltr'>et</span> <span class='ocrx_word' id='word_1_116' title='bbox 485 2818 694 2905; x_wconf 85' lang='lat' dir='ltr'>philosophia</span> <span class='ocrx_word' id='word_1_117' title='bbox 718 2828 750 2887; x_wconf 90' lang='lat' dir='ltr'>et</span> <span class='ocrx_word' id='word_1_118' title='bbox 774 2840 879 2887; x_wconf 88' lang='lat' dir='ltr'>sermo</span> <span class='ocrx_word' id='word_1_119' title='bbox 907 2820 941 2885; x_wconf 92' lang='lat' dir='ltr'>in</span> <span class='ocrx_word' id='word_1_120' title='bbox 962 2819 1073 2886; x_wconf 88' lang='lat' dir='ltr'>media</span> <span class='ocrx_word' id='word_1_121' title='bbox 1096 2819 1163 2885; x_wconf 91' lang='lat' dir='ltr'>stili</span> <span class='ocrx_word' id='word_1_122' title='bbox 1187 2819 1328 2885; x_wconf 84' lang='lat' dir='ltr'>Tacitini</span> 
     </span>
     <span class='ocr_line' id='line_1_17' title="bbox 101 2926 1329 3013; baseline 0.002 -24"><span class='ocrx_word' id='word_1_123' title='bbox 101 2932 204 2993; x_wconf 90' lang='lat' dir='ltr'>aetate</span> <span class='ocrx_word' id='word_1_124' title='bbox 227 2926 355 3011; x_wconf 89' lang='lat' dir='ltr'>babuit,</span> <span class='ocrx_word' id='word_1_125' title='bbox 384 2926 501 3011; x_wconf 92' lang='lat' dir='ltr'>quibus</span> <span class='ocrx_word' id='word_1_126' title='bbox 524 2927 723 3013; x_wconf 89' lang='lat' dir='ltr'>temporibus</span> <span class='ocrx_word' id='word_1_127' title='bbox 747 2926 968 3012; x_wconf 87' lang='lat' dir='ltr'>Germaniam,</span> <span class='ocrx_word' id='word_1_128' title='bbox 992 2928 1192 3012; x_wconf 81' lang='lat' dir='ltr'>Agricolam,</span> <span class='ocrx_word' id='word_1_129' title='bbox 1222 2927 1329 2992; x_wconf 91' lang='lat' dir='ltr'>Histo-</span> 
     </span>
     <span class='ocr_line' id='line_1_18' title="bbox 99 3031 1328 3118; baseline 0.003 -23"><span class='ocrx_word' id='word_1_130' title='bbox 99 3031 214 3099; x_wconf 89' lang='lat' dir='ltr'>riarum</span> <span class='ocrx_word' id='word_1_131' title='bbox 237 3033 339 3099; x_wconf 91' lang='lat' dir='ltr'>libros</span> <span class='ocrx_word' id='word_1_132' title='bbox 362 3033 550 3118; x_wconf 89' lang='lat' dir='ltr'>composuit.</span> <span class='ocrx_word' id='word_1_133' title='bbox 601 3034 755 3099; x_wconf 83' lang='lat' dir='ltr'>Extrema</span> <span class='ocrx_word' id='word_1_134' title='bbox 778 3033 919 3118; x_wconf 88' lang='lat' dir='ltr'>deniqne</span> <span class='ocrx_word' id='word_1_135' title='bbox 942 3040 1060 3118; x_wconf 89' lang='lat' dir='ltr'>aetate,</span> <span class='ocrx_word' id='word_1_136' title='bbox 1073 3054 1138 3117; x_wconf 90' lang='lat' dir='ltr'>qua</span> <span class='ocrx_word' id='word_1_137' title='bbox 1153 3034 1328 3100; x_wconf 84' lang='lat' dir='ltr'>Annalium</span> 
     </span>
     <span class='ocr_line' id='line_1_19' title="bbox 100 3139 1329 3225; baseline 0.003 -22"><span class='ocrx_word' id='word_1_138' title='bbox 100 3139 194 3208; x_wconf 90' lang='lat' dir='ltr'>libros</span> <span class='ocrx_word' id='word_1_139' title='bbox 218 3140 367 3225; x_wconf 82' lang='lat' dir='ltr'>coniecit,</span> <span class='ocrx_word' id='word_1_140' title='bbox 390 3147 456 3206; x_wconf 90' lang='lat' dir='ltr'>tam</span> <span class='ocrx_word' id='word_1_141' title='bbox 479 3140 656 3207; x_wconf 88' lang='lat' dir='ltr'>artificiosa</span> <span class='ocrx_word' id='word_1_142' title='bbox 678 3140 803 3225; x_wconf 86' lang='lat' dir='ltr'>placuit</span> <span class='ocrx_word' id='word_1_143' title='bbox 825 3141 940 3207; x_wconf 78' lang='lat' dir='ltr'>&#39;l&#39;acito</span> <span class='ocrx_word' id='word_1_144' title='bbox 970 3140 1079 3219; x_wconf 89' lang='lat' dir='ltr'>dictio,</span> <span class='ocrx_word' id='word_1_145' title='bbox 1108 3147 1156 3225; x_wconf 89' lang='lat' dir='ltr'>ut,</span> <span class='ocrx_word' id='word_1_146' title='bbox 1179 3140 1329 3224; x_wconf 83' lang='lat' dir='ltr'>quamvis</span> 
     </span>
     <span class='ocr_line' id='line_1_20' title="bbox 100 3246 1326 3333; baseline 0.002 -22"><span class='ocrx_word' id='word_1_147' title='bbox 100 3246 223 3315; x_wconf 86' lang='lat' dir='ltr'>Seneca</span> <span class='ocrx_word' id='word_1_148' title='bbox 245 3246 292 3313; x_wconf 90' lang='lat' dir='ltr'>ad</span> <span class='ocrx_word' id='word_1_149' title='bbox 314 3247 462 3314; x_wconf 84' lang='lat' dir='ltr'>Tacitum</span> <span class='ocrx_word' id='word_1_150' title='bbox 484 3249 595 3314; x_wconf 81' lang='lat' dir='ltr'>ualere</span> <span class='ocrx_word' id='word_1_151' title='bbox 618 3248 747 3314; x_wconf 91' lang='lat' dir='ltr'>minime</span> <span class='ocrx_word' id='word_1_152' title='bbox 771 3247 917 3333; x_wconf 88' lang='lat' dir='ltr'>desierit,</span> <span class='ocrx_word' id='word_1_153' title='bbox 941 3256 1050 3314; x_wconf 90' lang='lat' dir='ltr'>tamen</span> <span class='ocrx_word' id='word_1_154' title='bbox 1073 3246 1117 3313; x_wconf 92' lang='lat' dir='ltr'>ad</span> <span class='ocrx_word' id='word_1_155' title='bbox 1140 3268 1231 3314; x_wconf 91' lang='lat' dir='ltr'>suam</span> <span class='ocrx_word' id='word_1_156' title='bbox 1254 3268 1326 3333; x_wconf 88' lang='lat' dir='ltr'>pro·</span> 
     </span>
     <span class='ocr_line' id='line_1_21' title="bbox 99 3354 1145 3440; baseline 0.004 -21"><span class='ocrx_word' id='word_1_157' title='bbox 99 3354 268 3438; x_wconf 87' lang='lat' dir='ltr'>prietatem</span> <span class='ocrx_word' id='word_1_158' title='bbox 291 3354 400 3421; x_wconf 92' lang='lat' dir='ltr'>stilum</span> <span class='ocrx_word' id='word_1_159' title='bbox 414 3355 608 3421; x_wconf 87' lang='lat' dir='ltr'>·Tacitinum</span> <span class='ocrx_word' id='word_1_160' title='bbox 631 3354 820 3440; x_wconf 88' lang='lat' dir='ltr'>pervenisse</span> <span class='ocrx_word' id='word_1_161' title='bbox 842 3361 898 3420; x_wconf 89' lang='lat' dir='ltr'>tuo</span> <span class='ocrx_word' id='word_1_162' title='bbox 920 3356 989 3421; x_wconf 93' lang='lat' dir='ltr'>iure</span> <span class='ocrx_word' id='word_1_163' title='bbox 1012 3354 1145 3423; x_wconf 83' lang='lat' dir='ltr'>dixeris.</span> 
     </span>
    </p>

    <p class='ocr_par' dir='ltr' id='par_1_5' title="bbox 88 3461 1328 4724">
     <span class='ocr_line' id='line_1_22' title="bbox 184 3461 1327 3545; baseline -0.003 -16"><span class='ocrx_word' id='word_1_164' title='bbox 184 3461 336 3545; x_wconf 89' lang='lat' dir='ltr'>Vestigia</span> <span class='ocrx_word' id='word_1_165' title='bbox 349 3462 548 3527; x_wconf 83' lang='lat' dir='ltr'>Annacanae</span> <span class='ocrx_word' id='word_1_166' title='bbox 570 3461 721 3528; x_wconf 89' lang='lat' dir='ltr'>dictionis</span> <span class='ocrx_word' id='word_1_167' title='bbox 736 3462 768 3527; x_wconf 94' lang='lat' dir='ltr'>in</span> <span class='ocrx_word' id='word_1_168' title='bbox 789 3461 921 3545; x_wconf 83' lang='lat' dir='ltr'>dialogo</span> <span class='ocrx_word' id='word_1_169' title='bbox 937 3461 978 3529; x_wconf 93' lang='lat' dir='ltr'>de</span> <span class='ocrx_word' id='word_1_170' title='bbox 993 3462 1175 3528; x_wconf 90' lang='lat' dir='ltr'>oratoribus</span> <span class='ocrx_word' id='word_1_171' title='bbox 1190 3461 1327 3526; x_wconf 88' lang='lat' dir='ltr'>latentia</span> 
     </span>
     <span class='ocr_line' id='line_1_23' title="bbox 99 3566 1327 3653; baseline 0 -21"><span class='ocrx_word' id='word_1_172' title='bbox 99 3567 267 3653; x_wconf 85' lang='lat' dir='ltr'>indagavit</span> <span class='ocrx_word' id='word_1_173' title='bbox 289 3567 371 3637; x_wconf 87' lang='lat' dir='ltr'>Lnd.</span> <span class='ocrx_word' id='word_1_174' title='bbox 391 3568 538 3635; x_wconf 89' lang='lat' dir='ltr'>Kleiber:</span> <span class='ocrx_word' id='word_1_175' title='bbox 564 3566 650 3646; x_wconf 80' lang='lat' dir='ltr'>Quid</span> <span class='ocrx_word' id='word_1_176' title='bbox 671 3568 805 3635; x_wconf 82' lang='lat' dir='ltr'>Tacitus</span> <span class='ocrx_word' id='word_1_177' title='bbox 829 3569 861 3636; x_wconf 93' lang='lat' dir='ltr'>in</span> <span class='ocrx_word' id='word_1_178' title='bbox 886 3567 1018 3652; x_wconf 86' lang='lat' dir='ltr'>dialogo</span> <span class='ocrx_word' id='word_1_179' title='bbox 1041 3568 1203 3653; x_wconf 87' lang='lat' dir='ltr'>prioribus</span> <span class='ocrx_word' id='word_1_180' title='bbox 1227 3568 1327 3652; x_wconf 66' lang='lat' dir='ltr'>scripss</span> 
     </span>
     <span class='ocr_line' id='line_1_24' title="bbox 97 3674 1327 3761; baseline 0 -20"><span class='ocrx_word' id='word_1_181' title='bbox 97 3677 219 3744; x_wconf 89' lang='lat' dir='ltr'>toribus</span> <span class='ocrx_word' id='word_1_182' title='bbox 238 3675 368 3761; x_wconf 83' lang='lat' dir='ltr'>debeat,</span> <span class='ocrx_word' id='word_1_183' title='bbox 387 3676 480 3741; x_wconf 87' lang='lat' dir='ltr'>Halis</span> <span class='ocrx_word' id='word_1_184' title='bbox 496 3675 660 3742; x_wconf 87' lang='lat' dir='ltr'>Saxonum</span> <span class='ocrx_word' id='word_1_185' title='bbox 683 3678 773 3761; x_wconf 83' lang='lat'>1883,</span> <span class='ocrx_word' id='word_1_186' title='bbox 795 3697 826 3761; x_wconf 90' lang='lat' dir='ltr'>p.</span> <span class='ocrx_word' id='word_1_187' title='bbox 849 3678 989 3759; x_wconf 76' lang='lat'>73-80,</span> <span class='ocrx_word' id='word_1_188' title='bbox 1013 3674 1116 3741; x_wconf 79' lang='lat' dir='ltr'>falsus</span> <span class='ocrx_word' id='word_1_189' title='bbox 1139 3681 1247 3741; x_wconf 88' lang='lat' dir='ltr'>autern</span> <span class='ocrx_word' id='word_1_190' title='bbox 1268 3684 1327 3759; x_wconf 85' lang='lat' dir='ltr'>cst,</span> 
     </span>
     <span class='ocr_line' id='line_1_25' title="bbox 99 3781 1325 3869; baseline -0.002 -20"><span class='ocrx_word' id='word_1_191' title='bbox 99 3783 182 3866; x_wconf 93' lang='lat' dir='ltr'>quod</span> <span class='ocrx_word' id='word_1_192' title='bbox 206 3784 356 3850; x_wconf 82' lang='lat' dir='ltr'>Tacitum</span> <span class='ocrx_word' id='word_1_193' title='bbox 382 3782 479 3851; x_wconf 78' lang='lat' dir='ltr'>‘stare</span> <span class='ocrx_word' id='word_1_194' title='bbox 510 3804 531 3849; x_wconf 88' lang='lat' dir='ltr'>a</span> <span class='ocrx_word' id='word_1_195' title='bbox 558 3784 705 3869; x_wconf 89' lang='lat' dir='ltr'>partibus</span> <span class='ocrx_word' id='word_1_196' title='bbox 729 3781 987 3849; x_wconf 87' lang='lat' dir='ltr'>adversariorum</span> <span class='ocrx_word' id='word_1_197' title='bbox 1011 3783 1166 3849; x_wconf 90' lang='lat' dir='ltr'>Senecae&#39;</span> <span class='ocrx_word' id='word_1_198' title='bbox 1191 3792 1224 3849; x_wconf 90' lang='lat' dir='ltr'>et</span> <span class='ocrx_word' id='word_1_199' title='bbox 1246 3782 1325 3847; x_wconf 86' lang='lat' dir='ltr'>‘ora-</span> 
     </span>
     <span class='ocr_line' id='line_1_26' title="bbox 97 3890 1325 3975; baseline 0.002 -22"><span class='ocrx_word' id='word_1_200' title='bbox 97 3890 215 3957; x_wconf 89' lang='lat' dir='ltr'>ticnem</span> <span class='ocrx_word' id='word_1_201' title='bbox 229 3890 338 3958; x_wconf 77' lang='lat' dir='ltr'>&#39;l&#39;aciti</span> <span class='ocrx_word' id='word_1_202' title='bbox 355 3892 389 3955; x_wconf 92' lang='lat' dir='ltr'>in</span> <span class='ocrx_word' id='word_1_203' title='bbox 409 3911 575 3957; x_wconf 88' lang='lat' dir='ltr'>commune</span> <span class='ocrx_word' id='word_1_204' title='bbox 597 3890 716 3957; x_wconf 85' lang='lat' dir='ltr'>frustra</span> <span class='ocrx_word' id='word_1_205' title='bbox 740 3910 812 3957; x_wconf 87' lang='lat' dir='ltr'>cum</span> <span class='ocrx_word' id='word_1_206' title='bbox 837 3890 964 3957; x_wconf 90' lang='lat' dir='ltr'>Seneca</span> <span class='ocrx_word' id='word_1_207' title='bbox 987 3890 1176 3975; x_wconf 87' lang='lat' dir='ltr'>comparari&#39;</span> <span class='ocrx_word' id='word_1_208' title='bbox 1202 3890 1325 3956; x_wconf 86' lang='lat' dir='ltr'>statuit.</span> 
     </span>
     <span class='ocr_line' id='line_1_27' title="bbox 97 3994 1326 4085; baseline -0.002 -22"><span class='ocrx_word' id='word_1_209' title='bbox 97 3994 178 4063; x_wconf 86' lang='lat' dir='ltr'>llam</span> <span class='ocrx_word' id='word_1_210' title='bbox 193 4018 257 4082; x_wconf 92' lang='lat' dir='ltr'>quo</span> <span class='ocrx_word' id='word_1_211' title='bbox 272 4005 416 4085; x_wconf 88' lang='lat' dir='ltr'>tempore</span> <span class='ocrx_word' id='word_1_212' title='bbox 430 3998 564 4066; x_wconf 85' lang='lat' dir='ltr'>Tacitus</span> <span class='ocrx_word' id='word_1_213' title='bbox 585 3996 751 4081; x_wconf 88' lang='lat' dir='ltr'>dialogum</span> <span class='ocrx_word' id='word_1_214' title='bbox 776 3998 965 4082; x_wconf 89' lang='lat' dir='ltr'>composuit,</span> <span class='ocrx_word' id='word_1_215' title='bbox 988 3997 1095 4082; x_wconf 89' lang='lat' dir='ltr'>potnit</span> <span class='ocrx_word' id='word_1_216' title='bbox 1117 3997 1173 4063; x_wconf 91' lang='lat' dir='ltr'>ille</span> <span class='ocrx_word' id='word_1_217' title='bbox 1196 3996 1326 4080; x_wconf 86' lang='lat' dir='ltr'>quidem</span> 
     </span>
     <span class='ocr_line' id='line_1_28' title="bbox 88 4102 1328 4191; baseline -0.001 -24"><span class='ocrx_word' id='word_1_218' title='bbox 88 4102 133 4169; x_wconf 88' lang='lat' dir='ltr'>-id</span> <span class='ocrx_word' id='word_1_219' title='bbox 157 4104 225 4172; x_wconf 91' lang='lat' dir='ltr'>stili</span> <span class='ocrx_word' id='word_1_220' title='bbox 249 4124 361 4191; x_wconf 89' lang='lat' dir='ltr'>genus,</span> <span class='ocrx_word' id='word_1_221' title='bbox 390 4124 453 4189; x_wconf 91' lang='lat' dir='ltr'>quc</span> <span class='ocrx_word' id='word_1_222' title='bbox 482 4105 516 4171; x_wconf 93' lang='lat' dir='ltr'>in</span> <span class='ocrx_word' id='word_1_223' title='bbox 546 4103 707 4189; x_wconf 86' lang='lat' dir='ltr'>prioribus</span> <span class='ocrx_word' id='word_1_224' title='bbox 732 4104 821 4169; x_wconf 92' lang='lat' dir='ltr'>libris</span> <span class='ocrx_word' id='word_1_225' title='bbox 845 4103 991 4170; x_wconf 90' lang='lat' dir='ltr'>historici</span> <span class='ocrx_word' id='word_1_226' title='bbox 1015 4104 1195 4187; x_wconf 89' lang='lat' dir='ltr'>argumenti</span> <span class='ocrx_word' id='word_1_227' title='bbox 1221 4103 1328 4180; x_wconf 90' lang='lat' dir='ltr'>utitur,</span> 
     </span>
     <span class='ocr_line' id='line_1_29' title="bbox 98 4204 1326 4298; baseline 0 -21"><span class='ocrx_word' id='word_1_228' title='bbox 98 4232 268 4298; x_wconf 87' lang='lat' dir='ltr'>usurpare,</span> <span class='ocrx_word' id='word_1_229' title='bbox 296 4212 354 4278; x_wconf 90' lang='lat' dir='ltr'>scd</span> <span class='ocrx_word' id='word_1_230' title='bbox 378 4230 442 4277; x_wconf 89' lang='lat' dir='ltr'>non</span> <span class='ocrx_word' id='word_1_231' title='bbox 465 4212 635 4298; x_wconf 87' lang='lat' dir='ltr'>usurpavit</span> <span class='ocrx_word' id='word_1_232' title='bbox 657 4211 800 4277; x_wconf 87' lang='lat' dir='ltr'>oratoria</span> <span class='ocrx_word' id='word_1_233' title='bbox 823 4210 972 4297; x_wconf 89' lang='lat' dir='ltr'>opusculi</span> <span class='ocrx_word' id='word_1_234' title='bbox 995 4210 1155 4278; x_wconf 89' lang='lat' dir='ltr'>abductus</span> <span class='ocrx_word' id='word_1_235' title='bbox 1177 4204 1326 4277; x_wconf 66' lang='lat' dir='ltr'>materia.</span> 
     </span>
     <span class='ocr_line' id='line_1_30' title="bbox 98 4316 1326 4405; baseline 0 -24"><span class='ocrx_word' id='word_1_236' title='bbox 98 4318 138 4383; x_wconf 85' lang='lat' dir='ltr'>Et</span> <span class='ocrx_word' id='word_1_237' title='bbox 159 4318 305 4405; x_wconf 88' lang='lat' dir='ltr'>profecto</span> <span class='ocrx_word' id='word_1_238' title='bbox 329 4320 357 4386; x_wconf 91' lang='lat' dir='ltr'>si</span> <span class='ocrx_word' id='word_1_239' title='bbox 381 4318 455 4405; x_wconf 89' lang='lat' dir='ltr'>quis</span> <span class='ocrx_word' id='word_1_240' title='bbox 474 4320 651 4386; x_wconf 88' lang='lat' dir='ltr'>orationem</span> <span class='ocrx_word' id='word_1_241' title='bbox 671 4319 804 4385; x_wconf 89' lang='lat' dir='ltr'>alterius</span> <span class='ocrx_word' id='word_1_242' title='bbox 825 4318 920 4403; x_wconf 89' lang='lat' dir='ltr'>qnasi</span> <span class='ocrx_word' id='word_1_243' title='bbox 939 4319 1081 4405; x_wconf 91' lang='lat' dir='ltr'>speciem</span> <span class='ocrx_word' id='word_1_244' title='bbox 1104 4318 1234 4383; x_wconf 90' lang='lat' dir='ltr'>intuens</span> <span class='ocrx_word' id='word_1_245' title='bbox 1256 4316 1326 4381; x_wconf 92' lang='lat' dir='ltr'>imi-</span> 
     </span>
     <span class='ocr_line' id='line_1_31' title="bbox 98 4428 1327 4512; baseline 0.001 -22"><span class='ocrx_word' id='word_1_246' title='bbox 98 4434 191 4512; x_wconf 89' lang='lat' dir='ltr'>tatur,</span> <span class='ocrx_word' id='word_1_247' title='bbox 214 4448 277 4494; x_wconf 91' lang='lat' dir='ltr'>non</span> <span class='ocrx_word' id='word_1_248' title='bbox 302 4436 368 4495; x_wconf 90' lang='lat' dir='ltr'>tam</span> <span class='ocrx_word' id='word_1_249' title='bbox 387 4430 490 4495; x_wconf 88' lang='lat' dir='ltr'>forma</span> <span class='ocrx_word' id='word_1_250' title='bbox 509 4428 660 4494; x_wconf 87' lang='lat' dir='ltr'>dictionis</span> <span class='ocrx_word' id='word_1_251' title='bbox 678 4428 805 4494; x_wconf 92' lang='lat' dir='ltr'>ducitur</span> <span class='ocrx_word' id='word_1_252' title='bbox 824 4449 922 4511; x_wconf 92' lang='lat' dir='ltr'>quam</span> <span class='ocrx_word' id='word_1_253' title='bbox 942 4429 1086 4511; x_wconf 90' lang='lat' dir='ltr'>materia,</span> <span class='ocrx_word' id='word_1_254' title='bbox 1106 4446 1191 4509; x_wconf 89' lang='lat' dir='ltr'>quae</span> <span class='ocrx_word' id='word_1_255' title='bbox 1209 4432 1327 4491; x_wconf 90' lang='lat' dir='ltr'>tracta·</span> 
     </span>
     <span class='ocr_line' id='line_1_32' title="bbox 98 4533 1326 4621; baseline 0.001 -24"><span class='ocrx_word' id='word_1_256' title='bbox 98 4539 156 4601; x_wconf 92' lang='lat' dir='ltr'>tur.</span> <span class='ocrx_word' id='word_1_257' title='bbox 209 4536 262 4603; x_wconf 91' lang='lat' dir='ltr'>Sic</span> <span class='ocrx_word' id='word_1_258' title='bbox 290 4536 426 4601; x_wconf 81' lang='lat' dir='ltr'>&#39;Facitne</span> <span class='ocrx_word' id='word_1_259' title='bbox 461 4536 493 4600; x_wconf 92' lang='lat' dir='ltr'>in</span> <span class='ocrx_word' id='word_1_260' title='bbox 522 4534 669 4621; x_wconf 87' lang='lat' dir='ltr'>dialogo,</span> <span class='ocrx_word' id='word_1_261' title='bbox 701 4544 736 4600; x_wconf 92' lang='lat' dir='ltr'>ut</span> <span class='ocrx_word' id='word_1_262' title='bbox 767 4541 927 4600; x_wconf 89' lang='lat' dir='ltr'>oratorem</span> <span class='ocrx_word' id='word_1_263' title='bbox 960 4555 996 4601; x_wconf 94' lang='lat' dir='ltr'>sc</span> <span class='ocrx_word' id='word_1_264' title='bbox 1019 4533 1185 4617; x_wconf 81' lang='lat' dir='ltr'>exhibeat,</span> <span class='ocrx_word' id='word_1_265' title='bbox 1213 4534 1326 4599; x_wconf 90' lang='lat' dir='ltr'>summi</span> 
     </span>
     <span class='ocr_line' id='line_1_33' title="bbox 99 4639 1326 4724; baseline 0.002 -21"><span class='ocrx_word' id='word_1_266' title='bbox 99 4642 235 4707; x_wconf 90' lang='lat' dir='ltr'>oratoris</span> <span class='ocrx_word' id='word_1_267' title='bbox 267 4642 432 4709; x_wconf 82' lang='lat' dir='ltr'>Ciceronis</span> <span class='ocrx_word' id='word_1_268' title='bbox 465 4642 642 4708; x_wconf 89' lang='lat' dir='ltr'>orationem</span> <span class='ocrx_word' id='word_1_269' title='bbox 678 4641 838 4724; x_wconf 91' lang='lat' dir='ltr'>sequitur,</span> <span class='ocrx_word' id='word_1_270' title='bbox 873 4641 906 4705; x_wconf 92' lang='lat' dir='ltr'>in</span> <span class='ocrx_word' id='word_1_271' title='bbox 934 4641 1024 4706; x_wconf 91' lang='lat' dir='ltr'>libris</span> <span class='ocrx_word' id='word_1_272' title='bbox 1056 4639 1201 4706; x_wconf 92' lang='lat' dir='ltr'>historici</span> <span class='ocrx_word' id='word_1_273' title='bbox 1233 4662 1326 4724; x_wconf 88' lang='lat' dir='ltr'>argu-</span> 
     </span>
    </p>
   </div>
   <div class='ocr_carea' id='block_1_5' title="bbox 0 0 1734 5200">
    <p class='ocr_par' dir='ltr' id='par_1_6' title="bbox 0 0 1734 5200">
     <span class='ocr_line' id='line_1_34' title="bbox 0 0 1734 5200; baseline 0 3"><span class='ocrx_word' id='word_1_274' title='bbox 0 0 1734 5200; x_wconf 95' lang='lat' dir='ltr'> </span> 
     </span>
    </p>
   </div>
  </div>
 </body>
</html>
