3459 5200
717 495 758 558 39

152 701 187 764 in
210 702 461 784 Hephaestione
485 721 592 784 neque
615 702 649 766 in
673 701 809 785 reliquis
834 703 890 784 qui
906 705 1049 767 aetatem
1065 702 1212 766 tulerunt
1228 721 1318 767 com·

151 805 327 868 mentariis
350 804 498 869 metricis
521 825 661 887 usquam
685 804 903 888 deprehendi.

241 908 381 990 Singula
404 910 635 974 commentarii
659 909 803 992 capitula
832 913 987 974 accurate
1015 908 1234 992 perlustranti
1262 929 1318 973 oc·

151 1015 291 1074 currunt
324 1011 414 1074 haud
446 1031 553 1093 pauca
586 1016 643 1076 aut
675 1033 794 1094 parum
828 1017 918 1076 reete
951 1017 1008 1077 aut
1047 1013 1166 1076 saltem
1199 1032 1317 1094 parum

152 1115 311 1178 sollerter
334 1113 431 1192 dicta,
455 1135 539 1196 quae
563 1121 718 1199 exparte
745 1115 807 1180 viri
831 1115 921 1180 docti
949 1115 1114 1198 corrigere
1142 1135 1318 1198 perperam

150 1217 265 1282 conati
289 1222 377 1295 sunt,
401 1237 475 1281 cum
499 1237 567 1281 non
590 1218 763 1283 librarium
780 1219 1008 1297 emendarent,
1033 1218 1092 1282 sed
1108 1219 1316 1300 scriptorem.

148 1343 180 1404 p.
207 1322 234 1384 V
255 1321 339 1384 4-5
363 1323 396 1384 et
418 1321 458 1384 Vl
479 1321 602 1386 20-le
628 1323 842 1404 neglegenter
864 1323 1060 1404 particulam
1077 1321 1140 1386 οίον
1155 1322 1315 1386 omissam

150 1444 238 1504 esse,
263 1444 364 1506 supra
387 1423 495 1488 docui.
539 1425 575 1488 ln
598 1423 708 1490 κοινῶν
731 1425 959 1509 descriptione
973 1447 1005 1508 p.
1022 1425 1062 1489 llI
1081 1426 1202 1488 16-17
1218 1423 1316 1488 Κοινοὶ

147 1527 184 1589 δὲ
208 1523 268 1590 ὅσοι
289 1524 348 1590 ὑπὸ
372 1522 566 1612 συστήματος
589 1527 644 1613 μὲν
666 1537 912 1614 καταμετρεῖται,
937 1524 1012 1591 αὐτὸ
1045 1528 1079 1590 δὲ
1107 1525 1142 1590 τὸ
1171 1523 1316 1613 σύστημοί

150 1630 218 1693 ἐστι
251 1627 480 1714 πληρούμενον,
509 1626 559 1694 οίοί
595 1631 658 1694 ἐστι
691 1631 757 1696 κτλ.
798 1635 876 1714 post
911 1627 1054 1716 σύστημα
1086 1631 1315 1714 Westphalius

147 1733 293 1798 inseruit
310 1733 347 1796 ἐκ
361 1732 421 1796 τῶν
444 1725 544 1797 αὐτῶν
566 1731 693 1818 μέτρων,
717 1735 772 1799 alii
788 1735 854 1800 alia
868 1737 1126 1818 proposuerunt.
1163 1735 1207 1798 At
1223 1734 1314 1798 nullo

146 1857 235 1919 opus
251 1840 302 1901 est
318 1836 561 1919 supplemento.
605 1838 710 1902 Immo
730 1838 875 1921 scriptor
889 1838 988 1921 paulo
1005 1837 1233 1920 neglegentius
1250 1837 1314 1919 ipsi

146 1940 335 2005 definitioni
359 1938 473 2003 statim
497 1940 686 2022 exemplum
709 1941 896 2005 admiscuit.
940 1941 1032 2005 idem
1059 1940 1258 2006 factumest
1282 1943 1315 2004 et

145 2045 181 2108 in
218 2045 324 2108 altero
356 2044 596 2108 commentario
619 2064 651 2126 p.
674 2045 731 2109 XV
753 2045 771 2107 3
797 2065 845 2128 sq.
870 2048 903 2108 et
925 2064 994 2108 non
1018 2064 1093 2108 raro
1117 2043 1152 2107 in
1176 2042 1314 2107 scholiis

151 2147 438 2228 Hephaestioneis
456 2147 545 2211 velut
559 2169 590 2230 p.
607 2149 680 2228 901,
697 2149 737 2213 ll
755 2169 803 2231 sq.
827 2147 879 2211 W.
913 2148 949 2212 ln
973 2147 1090 2212 eadem
1107 2146 1317 2230 paragrapho

147 2251 306 2332 leguntur
334 2251 433 2316 haec:
457 2247 535 2333 calcal
565 2250 600 2313 a
627 2247 648 2334 ἡ
678 2250 810 2336 διστιχίοι
833 2248 925 2335 ὁμοία
949 2249 1027 2331 ἐστί;
1058 2249 1212 2315 subtilius
1236 2249 1314 2314 scri-

28 2411 34 2428 ,
143 2354 241 2418 henli
258 2353 436 2418 dicendum
453 2358 523 2418 erat
546 2350 625 2435 αὐτὴ
648 2352 725 2437 &th
753 2354 882 2439 διστιχία
910 2351 942 2431 ἐξ
970 2351 1082 2438 ὁμοίων
1110 2351 1225 2437 στίχων
1247 2374 1314 2416 συν-

145 2457 265 2540 έστηκε
292 2493 334 2502 -
365 2458 404 2521 of.
434 2477 517 2540 quae
548 2457 754 2540 respondent
775 2449 817 2521 in
846 2456 1086 2522 commentario
1120 2457 1148 2519 ll
1175 2477 1206 2538 p.
1234 2456 1264 2520 X
1293 2456 1315 2519 4

144 2560 190 2645 τῷ
216 2558 320 2646 ὅμοιον
343 2558 491 2645 ἑκάτερον
513 2561 590 2625 είναι
617 2560 677 2625 τῶν
704 2561 735 2625 ἐν
757 2563 797 2646 τι]
819 2555 909 2625 δυοίδι
931 2558 1044 2645 στίχων
1068 2595 1117 2635 ν,
1147 2579 1222 2625 cum
1245 2579 1313 2623 non

143 2666 178 2729 id
205 2669 330 2746 agatur,
354 2684 434 2728 num
457 2662 601 2749 διστιχίαν
625 2665 712 2728 inter
735 2666 770 2729 se
792 2685 891 2747 pares
915 2664 992 2740 sint,
1017 2664 1076 2727 sed
1106 2684 1185 2727 nurn
1213 2661 1314 2745 στίχοι

142 2767 267 2850 quibus
304 2770 461 2831 constant
505 2766 655 2832 eiusdem
695 2766 762 2831 sint
801 2768 909 2832 metri.
972 2767 1099 2831 Eodem
1138 2766 1314 2831 referenda

143 2874 228 2936 sunt
239 2891 272 2952 p.
287 2870 328 2933 Vl
344 2871 382 2935 nl
399 2872 502 2934 verba
516 2869 538 2954 ri
553 2867 636 2933 κατὰ
657 2867 840 2954 περικοπήν,
869 2871 988 2953 quihus
1011 2868 1239 2951 Westphalius
1263 2868 1313 2933 in-

143 2973 360 3038 considerate
394 2972 523 3038 addidit
555 2970 793 3057 ἀνομοιομερῶν.
845 2974 928 3037 Cum
963 2973 998 3036 in
1033 2971 1273 3036 commentario
1300 2972 1312 3035 l

143 3076 334 3143 carminum
369 3073 452 3139 κατὰ
484 3071 658 3159 περικοπιίν
690 3096 792 3140 unum
827 3096 931 3157 genus
960 3072 1000 3138 τοὶ
1026 3072 1109 3137 κατὰ
1137 3072 1309 3158 περικοπὴν

142 3179 356 3263 ἀνομοιομερῆ
381 3182 695 3257 commemorentur,
720 3180 812 3243 licuit
835 3199 916 3243 sane
940 3178 1096 3260 scriptori
1111 3178 1309 3242 vocabulum

143 3282 230 3348 illud
264 3282 428 3359 omittere,
462 3285 496 3346 at
530 3280 782 3346 concedendum
817 3286 870 3346 est
898 3301 973 3346 eurn
1003 3282 1103 3345 etiam
1132 3281 1310 3344 inhaere

143 3406 219 3450 non
246 3405 286 3449 ea
314 3406 410 3449 usum
439 3404 514 3449 esse
538 3384 718 3466 diligentia,
753 3405 818 3467 qua
846 3384 1067 3449 enchiridium
1096 3384 1226 3464 insigne
1250 3386 1310 3447 est.

142 3516 148 3525 ·
232 3487 300 3553 Sed
324 3492 402 3553 sunt
425 3490 526 3553 etiarn
549 3489 710 3569 graviora.
756 3488 853 3566 Quod
877 3508 985 3571 neque
1008 3487 1042 3551 in
1064 3488 1173 3570 primo
1203 3506 1310 3569 neque

140 3594 178 3658 in
217 3592 322 3656 altero
357 3590 471 3674 μικτῶν
504 3611 625 3673 genere
655 3590 878 3656 describendo
910 3586 1079 3674 διάφοροι
1101 3590 1170 3673 εἴδη
1199 3591 1234 3654 in
1256 3591 1310 3653 his

139 3694 280 3760 misceri
303 3692 492 3771 adnotatur,
515 3694 660 3758 fortasse
677 3714 745 3758 non
762 3694 941 3758 admodum
963 3692 1212 3776 vituperaveris,
1236 3711 1310 3756 cum

139 3800 222 3881 ipsa
244 3797 396 3879 exempla
418 3796 592 3879 proposita
615 3798 802 3862 offensione
818 3802 964 3878 careant,
987 3818 1101 3861 verum
1117 3816 1216 3878 aegre
1232 3796 1310 3860 leri·

138 3921 230 3977 niue,
270 3900 359 3983 quod
400 3920 506 3982 neque
545 3901 672 3981 primae
707 3920 814 3983 neque
848 3901 945 3965 alteri
984 3902 1098 3985 μικτιῖιν
1131 3903 1165 3964 et
1200 3898 1310 3961 κοινῶν

140 4003 247 4070 classi
278 4006 405 4069 certum
434 4004 557 4085 speciei
586 4023 709 4068 nomen
738 4004 881 4068 additur.
930 4004 1052 4068 Debuit
1079 4003 1231 4085 proiecto
1254 4000 1309 4084 qui

140 4110 300 4173 accurate
330 4106 476 4170 scribere
506 4110 734 4183 consueverat,
758 4105 915 4170 omnibus
945 4110 1020 4169 octo
1050 4104 1132 4169 locis
1161 4124 1193 4186 p.
1216 4103 1257 4166 ΙΙΙ
1279 4104 1309 4167 4.

141 4213 195 4275 14.
226 4210 276 4287 16,
298 4210 337 4273 IV
363 4210 393 4285 5,
416 4210 443 4272 V
465 4211 495 4273 4.
519 4210 539 4273 6
568 4214 695 4274 certum
725 4208 848 4291 speciei
879 4228 1003 4273 nomen
1031 4208 1212 4290 adiungere
1241 4226 1310 4270 non

140 4333 243 4379 secus
267 4315 366 4394 atque
389 4312 424 4374 in
448 4312 689 4376 commentario
713 4312 737 4375 ll
762 4332 797 4376 re
819 4332 899 4376 vera
920 4332 983 4375 usu
1005 4310 1106 4375 venit.
1142 4311 1180 4374 ln
1203 4310 1308 4374 altera

141 4420 256 4483 classe
279 4432 353 4479 cum
378 4415 500 4497 speciei
531 4434 654 4480 nomen
683 4414 779 4479 facile
809 4434 849 4479 ex
878 4414 1090 4479 antecedenti
1123 4432 1307 4497 συστηματι-

138 4518 208 4585 κῶν
242 4518 379 4582 nomine
406 4519 516 4602 possit
545 4518 702 4600 suppleri,
736 4518 826 4583 haud
855 4517 925 4583 scio
949 4538 992 4584 an
1016 4516 1182 4585 delectum
1210 4535 1310 4584 excu-
