<?xml version="1.0" encoding="UTF-8"?>
<!DOCTYPE html PUBLIC "-//W3C//DTD XHTML 1.0 Transitional//EN"
    "http://www.w3.org/TR/xhtml1/DTD/xhtml1-transitional.dtd">
<html xmlns="http://www.w3.org/1999/xhtml" xml:lang="en" lang="en">
 <head>
  <title>
</title>
<meta http-equiv="Content-Type" content="text/html;charset=utf-8" />
  <meta name='ocr-system' content='tesseract 3.04.00' />
  <meta name='ocr-capabilities' content='ocr_page ocr_carea ocr_par ocr_line ocrx_word'/>
</head>
<body>
  <div class='ocr_page' id='page_1' title='image "./detacitosenecae00zimmgoog_0695.png"; bbox 0 0 3459 5200; ppageno 0'>
   <div class='ocr_carea' id='block_1_1' title="bbox 442 621 1213 750">
    <p class='ocr_par' dir='ltr' id='par_1_1' title="bbox 442 621 1213 750">
     <span class='ocr_line' id='line_1_1' title="bbox 442 621 1213 750; baseline -0.003 -22"><span class='ocrx_word' id='word_1_1' title='bbox 442 664 473 746; x_wconf 88' lang='grc'><strong>4,</strong></span> <span class='ocrx_word' id='word_1_2' title='bbox 498 621 542 728; x_wconf 89' lang='grc'><strong>38</strong></span> <span class='ocrx_word' id='word_1_3' title='bbox 564 664 686 749; x_wconf 78' lang='grc' dir='ltr'>πλῆθος</span> <span class='ocrx_word' id='word_1_4' title='bbox 709 663 862 749; x_wconf 79' lang='grc' dir='ltr'>δεκαπλής</span> <span class='ocrx_word' id='word_1_5' title='bbox 885 659 1025 749; x_wconf 75' lang='grc' dir='ltr'>ἐμβαλεῖν</span> <span class='ocrx_word' id='word_1_6' title='bbox 1047 664 1213 750; x_wconf 83' lang='grc' dir='ltr'>χιλιάδος</span> 
     </span>
    </p>
   </div>
   <div class='ocr_carea' id='block_1_2' title="bbox 443 841 1169 928">
    <p class='ocr_par' dir='ltr' id='par_1_2' title="bbox 443 841 1169 928">
     <span class='ocr_line' id='line_1_2' title="bbox 443 841 1169 928; baseline -0.003 -23"><span class='ocrx_word' id='word_1_7' title='bbox 443 841 472 922; x_wconf 85' lang='grc'>5,</span> <span class='ocrx_word' id='word_1_8' title='bbox 497 843 515 905; x_wconf 79' lang='lat' dir='ltr'><strong>&#39;l</strong></span> <span class='ocrx_word' id='word_1_9' title='bbox 540 843 574 906; x_wconf 85' lang='grc' dir='ltr'><strong>τὸ</strong></span> <span class='ocrx_word' id='word_1_10' title='bbox 598 842 831 925; x_wconf 82' lang='grc' dir='ltr'>δυσπρόσιτον</span> <span class='ocrx_word' id='word_1_11' title='bbox 854 843 962 925; x_wconf 72' lang='grc' dir='ltr'>θυρίον</span> <span class='ocrx_word' id='word_1_12' title='bbox 984 845 1169 928; x_wconf 74' lang='grc' dir='ltr'>κατεσφάγη</span> 
     </span>
    </p>
   </div>
   <div class='ocr_carea' id='block_1_3' title="bbox 354 962 1584 1477">
    <p class='ocr_par' dir='ltr' id='par_1_3' title="bbox 354 962 1584 1477">
     <span class='ocr_line' id='line_1_3' title="bbox 354 962 1582 1050; baseline 0.002 -23"><span class='ocrx_word' id='word_1_13' title='bbox 354 964 470 1047; x_wconf 80' lang='lat' dir='ltr'>Agitur</span> <span class='ocrx_word' id='word_1_14' title='bbox 501 962 543 1029; x_wconf 90' lang='lat' dir='ltr'><strong>de</strong></span> <span class='ocrx_word' id='word_1_15' title='bbox 575 963 777 1030; x_wconf 78' lang='lat' dir='ltr'><strong>Cretensium</strong></span> <span class='ocrx_word' id='word_1_16' title='bbox 810 964 894 1029; x_wconf 88' lang='lat' dir='ltr'><strong>duee</strong></span> <span class='ocrx_word' id='word_1_17' title='bbox 926 963 1054 1047; x_wconf 63' lang='grc' dir='ltr'>ἀραῖος</span> <span class='ocrx_word' id='word_1_18' title='bbox 1092 967 1317 1050; x_wconf 73' lang='grc' dir='ltr'>δυσπρόσοισιον</span> <span class='ocrx_word' id='word_1_19' title='bbox 1349 966 1432 1031; x_wconf 86' lang='lat' dir='ltr'><strong>ooni.</strong></span> <span class='ocrx_word' id='word_1_20' title='bbox 1455 964 1582 1040; x_wconf 82' lang='lat' dir='ltr'><strong>Iaeobs,</strong></span> 
     </span>
     <span class='ocr_line' id='line_1_4' title="bbox 354 1069 1584 1156; baseline -0.002 -20"><span class='ocrx_word' id='word_1_21' title='bbox 354 1070 413 1136; x_wconf 88' lang='lat' dir='ltr'><strong>sed</strong></span> <span class='ocrx_word' id='word_1_22' title='bbox 437 1072 630 1156; x_wconf 81' lang='grc' dir='ltr'>δυσπρόσιτος</span> <span class='ocrx_word' id='word_1_23' title='bbox 654 1071 838 1156; x_wconf 86' lang='lat' dir='ltr'><strong>appellatur</strong></span> <span class='ocrx_word' id='word_1_24' title='bbox 860 1091 924 1136; x_wconf 93' lang='lat' dir='ltr'><strong>non</strong></span> <span class='ocrx_word' id='word_1_25' title='bbox 948 1071 1050 1137; x_wconf 91' lang='lat' dir='ltr'><strong>solum</strong></span> <span class='ocrx_word' id='word_1_26' title='bbox 1073 1072 1173 1151; x_wconf 83' lang='lat' dir='ltr'><strong>loeus,</strong></span> <span class='ocrx_word' id='word_1_27' title='bbox 1198 1071 1257 1138; x_wconf 89' lang='lat' dir='ltr'><strong>sed</strong></span> <span class='ocrx_word' id='word_1_28' title='bbox 1286 1072 1384 1137; x_wconf 91' lang='lat' dir='ltr'><strong>etiam</strong></span> <span class='ocrx_word' id='word_1_29' title='bbox 1409 1070 1516 1154; x_wconf 91' lang='lat' dir='ltr'><strong>bomo,</strong></span> <span class='ocrx_word' id='word_1_30' title='bbox 1540 1069 1584 1134; x_wconf 90' lang='lat' dir='ltr'><strong>ad</strong></span> 
     </span>
     <span class='ocr_line' id='line_1_5' title="bbox 355 1175 1337 1264; baseline 0 -20"><span class='ocrx_word' id='word_1_31' title='bbox 355 1197 450 1262; x_wconf 87' lang='lat' dir='ltr'><strong>quem</strong></span> <span class='ocrx_word' id='word_1_32' title='bbox 473 1176 582 1243; x_wconf 87' lang='lat' dir='ltr'><strong>aditus</strong></span> <span class='ocrx_word' id='word_1_33' title='bbox 607 1176 770 1243; x_wconf 86' lang='lat' dir='ltr'><strong>diffieilior</strong></span> <span class='ocrx_word' id='word_1_34' title='bbox 792 1184 856 1254; x_wconf 85' lang='lat' dir='ltr'><strong>est;</strong></span> <span class='ocrx_word' id='word_1_35' title='bbox 881 1175 921 1242; x_wconf 83' lang='lat' dir='ltr'><strong>ol.</strong></span> <span class='ocrx_word' id='word_1_36' title='bbox 945 1177 1056 1263; x_wconf 86' lang='lat' dir='ltr'><strong>Eurip.</strong></span> <span class='ocrx_word' id='word_1_37' title='bbox 1081 1177 1150 1264; x_wconf 90' lang='lat' dir='ltr'><strong>Ipb.</strong></span> <span class='ocrx_word' id='word_1_38' title='bbox 1175 1179 1248 1245; x_wconf 79' lang='lat' dir='ltr'><strong>Aul.</strong></span> <span class='ocrx_word' id='word_1_39' title='bbox 1272 1181 1337 1245; x_wconf 81' lang='lat'><strong>344</strong></span> 
     </span>
     <span class='ocr_line' id='line_1_6' title="bbox 443 1281 1390 1372; baseline -0.001 -22"><span class='ocrx_word' id='word_1_40' title='bbox 443 1295 506 1356; x_wconf 87' lang='grc' dir='ltr'>τοῖς</span> <span class='ocrx_word' id='word_1_41' title='bbox 529 1287 654 1371; x_wconf 83' lang='grc' dir='ltr'>φίλοισιν</span> <span class='ocrx_word' id='word_1_42' title='bbox 677 1281 772 1350; x_wconf 81' lang='grc' dir='ltr'>οὐκέτ’</span> <span class='ocrx_word' id='word_1_43' title='bbox 796 1283 884 1372; x_wconf 80' lang='grc' dir='ltr'>ἠσθα</span> <span class='ocrx_word' id='word_1_44' title='bbox 905 1295 970 1357; x_wconf 87' lang='grc' dir='ltr'>τοῖς</span> <span class='ocrx_word' id='word_1_45' title='bbox 992 1289 1056 1370; x_wconf 88' lang='grc' dir='ltr'>πρὶν</span> <span class='ocrx_word' id='word_1_46' title='bbox 1080 1284 1123 1358; x_wconf 85' lang='grc' dir='ltr'><strong>ὡς</strong></span> <span class='ocrx_word' id='word_1_47' title='bbox 1144 1288 1277 1370; x_wconf 83' lang='grc' dir='ltr'>πρόσθεν</span> <span class='ocrx_word' id='word_1_48' title='bbox 1301 1289 1390 1372; x_wconf 81' lang='grc' dir='ltr'>ρὶλος</span> 
     </span>
     <span class='ocr_line' id='line_1_7' title="bbox 443 1389 1110 1477; baseline 0 -22"><span class='ocrx_word' id='word_1_49' title='bbox 443 1393 637 1476; x_wconf 82' lang='grc' dir='ltr'>δυσπρόσιτος</span> <span class='ocrx_word' id='word_1_50' title='bbox 658 1389 718 1456; x_wconf 83' lang='grc' dir='ltr'>ἔσω</span> <span class='ocrx_word' id='word_1_51' title='bbox 739 1414 771 1456; x_wconf 88' lang='grc' dir='ltr'><strong>τε</strong></span> <span class='ocrx_word' id='word_1_52' title='bbox 794 1393 952 1477; x_wconf 78' lang='grc' dir='ltr'>κλῄθρων,</span> <span class='ocrx_word' id='word_1_53' title='bbox 976 1396 1110 1465; x_wconf 86' lang='grc' dir='ltr'>σπάνιος.</span> 
     </span>
    </p>
   </div>
   <div class='ocr_carea' id='block_1_4' title="bbox 284 1512 1585 2349">
    <p class='ocr_par' dir='ltr' id='par_1_4' title="bbox 284 1512 1585 1923">
     <span class='ocr_line' id='line_1_8' title="bbox 357 1512 1585 1601; baseline 0.001 -21"><span class='ocrx_word' id='word_1_54' title='bbox 357 1513 689 1581; x_wconf 79' lang='lat' dir='ltr'><strong>Animadvertendum</strong></span> <span class='ocrx_word' id='word_1_55' title='bbox 713 1525 763 1582; x_wconf 90' lang='lat' dir='ltr'><strong>est</strong></span> <span class='ocrx_word' id='word_1_56' title='bbox 786 1512 1007 1581; x_wconf 81' lang='lat' dir='ltr'><strong>Theodosium</strong></span> <span class='ocrx_word' id='word_1_57' title='bbox 1030 1515 1106 1582; x_wconf 89' lang='lat' dir='ltr'><strong>aliis</strong></span> <span class='ocrx_word' id='word_1_58' title='bbox 1137 1535 1264 1600; x_wconf 91' lang='lat' dir='ltr'><strong>quoque</strong></span> <span class='ocrx_word' id='word_1_59' title='bbox 1291 1515 1372 1581; x_wconf 89' lang='lat' dir='ltr'><strong>loeis</strong></span> <span class='ocrx_word' id='word_1_60' title='bbox 1398 1514 1585 1601; x_wconf 82' lang='lat' dir='ltr'><strong>Euripideis</strong></span> 
     </span>
     <span class='ocr_line' id='line_1_9' title="bbox 354 1621 1583 1711; baseline -0.002 -23"><span class='ocrx_word' id='word_1_61' title='bbox 354 1621 522 1688; x_wconf 85' lang='lat' dir='ltr'><strong>voeabulis</strong></span> <span class='ocrx_word' id='word_1_62' title='bbox 553 1642 646 1688; x_wconf 90' lang='lat' dir='ltr'><strong>usum</strong></span> <span class='ocrx_word' id='word_1_63' title='bbox 680 1643 764 1707; x_wconf 86' lang='lat' dir='ltr'><strong>esse,</strong></span> <span class='ocrx_word' id='word_1_64' title='bbox 797 1621 896 1687; x_wconf 87' lang='lat' dir='ltr'><strong>veluti</strong></span> <span class='ocrx_word' id='word_1_65' title='bbox 924 1623 956 1706; x_wconf 88' lang='grc'><strong>4,</strong></span> <span class='ocrx_word' id='word_1_66' title='bbox 982 1624 1026 1689; x_wconf 89' lang='grc'><strong>20</strong></span> <span class='ocrx_word' id='word_1_67' title='bbox 1052 1626 1265 1711; x_wconf 71' lang='grc' dir='ltr'>κυμοδέρροσιν</span> <span class='ocrx_word' id='word_1_68' title='bbox 1293 1629 1394 1696; x_wconf 88' lang='grc' dir='ltr'>τόποις</span> <span class='ocrx_word' id='word_1_69' title='bbox 1427 1623 1482 1699; x_wconf 86' lang='lat' dir='ltr'><strong>(of.</strong></span> <span class='ocrx_word' id='word_1_70' title='bbox 1508 1622 1583 1687; x_wconf 81' lang='lat' dir='ltr'><strong>Eur.</strong></span> 
     </span>
     <span class='ocr_line' id='line_1_10' title="bbox 284 1727 953 1818; baseline 0.003 -28"><span class='ocrx_word' id='word_1_71' title='bbox 284 1785 286 1790; x_wconf 89' lang='lat'><em>.</em></span> <span class='ocrx_word' id='word_1_72' title='bbox 355 1727 452 1814; x_wconf 90' lang='lat' dir='ltr'><strong>Hipp.</strong></span> <span class='ocrx_word' id='word_1_73' title='bbox 480 1731 564 1796; x_wconf 85' lang='grc'><strong>1178</strong></span> <span class='ocrx_word' id='word_1_74' title='bbox 589 1728 684 1816; x_wconf 75' lang='grc' dir='ltr'>ἀκτῆς</span> <span class='ocrx_word' id='word_1_75' title='bbox 707 1732 953 1818; x_wconf 76' lang='grc' dir='ltr'>κυροδέγμονος).</span> 
     </span>
     <span class='ocr_line' id='line_1_11' title="bbox 446 1834 1280 1923; baseline 0.001 -22"><span class='ocrx_word' id='word_1_76' title='bbox 446 1839 474 1920; x_wconf 93' lang='grc'><strong>1,</strong></span> <span class='ocrx_word' id='word_1_77' title='bbox 499 1836 564 1901; x_wconf 93' lang='grc'><strong>226</strong></span> <span class='ocrx_word' id='word_1_78' title='bbox 588 1839 711 1909; x_wconf 82' lang='grc' dir='ltr'>πέπλοις</span> <span class='ocrx_word' id='word_1_79' title='bbox 735 1838 766 1901; x_wconf 80' lang='grc' dir='ltr'><strong>δὲ</strong></span> <span class='ocrx_word' id='word_1_80' title='bbox 789 1840 938 1923; x_wconf 78' lang='grc' dir='ltr'>λαμπροῖς</span> <span class='ocrx_word' id='word_1_81' title='bbox 961 1835 1145 1902; x_wconf 85' lang='grc' dir='ltr'>έστόλισεν</span> <span class='ocrx_word' id='word_1_82' title='bbox 1169 1834 1280 1922; x_wconf 80' lang='grc' dir='ltr'>αἰθέρα</span> 
     </span>
    </p>

    <p class='ocr_par' dir='ltr' id='par_1_5' title="bbox 353 1940 1584 2349">
     <span class='ocr_line' id='line_1_12' title="bbox 354 1940 1584 2028; baseline 0.001 -23"><span class='ocrx_word' id='word_1_83' title='bbox 354 1940 503 2014; x_wconf 77' lang='grc' dir='ltr'>ἐστόλιζεν</span> <span class='ocrx_word' id='word_1_84' title='bbox 527 1941 611 2008; x_wconf 89' lang='lat' dir='ltr'><strong>ooni.</strong></span> <span class='ocrx_word' id='word_1_85' title='bbox 634 1940 751 2008; x_wconf 88' lang='lat' dir='ltr'><strong>Iaeobs</strong></span> <span class='ocrx_word' id='word_1_86' title='bbox 774 1963 838 2008; x_wconf 90' lang='lat' dir='ltr'><strong>non</strong></span> <span class='ocrx_word' id='word_1_87' title='bbox 861 1944 1065 2028; x_wconf 80' lang='lat' dir='ltr'><strong>improbante</strong></span> <span class='ocrx_word' id='word_1_88' title='bbox 1087 1943 1112 2006; x_wconf 92' lang='lat' dir='ltr'><strong>l.</strong></span> <span class='ocrx_word' id='word_1_89' title='bbox 1137 1943 1176 2008; x_wconf 87' lang='lat' dir='ltr'><strong>G.</strong></span> <span class='ocrx_word' id='word_1_90' title='bbox 1199 1943 1348 2027; x_wconf 82' lang='lat' dir='ltr'><strong>Brambs,</strong></span> <span class='ocrx_word' id='word_1_91' title='bbox 1376 1942 1418 2008; x_wconf 90' lang='lat' dir='ltr'><strong>de</strong></span> <span class='ocrx_word' id='word_1_92' title='bbox 1444 1942 1584 2008; x_wconf 85' lang='lat' dir='ltr'><strong>auotori-</strong></span> 
     </span>
     <span class='ocr_line' id='line_1_13' title="bbox 354 2047 1584 2136; baseline 0.002 -24"><span class='ocrx_word' id='word_1_93' title='bbox 354 2054 423 2113; x_wconf 88' lang='lat' dir='ltr'><strong>tate</strong></span> <span class='ocrx_word' id='word_1_94' title='bbox 450 2047 640 2130; x_wconf 76' lang='lat' dir='ltr'><strong>tragoediae</strong></span> <span class='ocrx_word' id='word_1_95' title='bbox 671 2048 876 2115; x_wconf 80' lang='lat' dir='ltr'><strong>Christianae</strong></span> <span class='ocrx_word' id='word_1_96' title='bbox 908 2069 994 2134; x_wconf 88' lang='lat' dir='ltr'><strong>quae</strong></span> <span class='ocrx_word' id='word_1_97' title='bbox 1022 2049 1154 2115; x_wconf 89' lang='lat' dir='ltr'><strong>insoribi</strong></span> <span class='ocrx_word' id='word_1_98' title='bbox 1183 2049 1266 2116; x_wconf 86' lang='lat' dir='ltr'><strong>solet</strong></span> <span class='ocrx_word' id='word_1_99' title='bbox 1298 2048 1424 2134; x_wconf 72' lang='grc' dir='ltr'>Χριστὸς</span> <span class='ocrx_word' id='word_1_100' title='bbox 1455 2054 1584 2136; x_wconf 76' lang='grc' dir='ltr'>πάσχων</span> 
     </span>
     <span class='ocr_line' id='line_1_14' title="bbox 356 2154 1584 2240; baseline -0.001 -21"><span class='ocrx_word' id='word_1_101' title='bbox 356 2154 550 2230; x_wconf 87' lang='lat' dir='ltr'><strong>(Eiobstadii</strong></span> <span class='ocrx_word' id='word_1_102' title='bbox 568 2156 663 2232; x_wconf 85' lang='lat'>1883)</span> <span class='ocrx_word' id='word_1_103' title='bbox 688 2176 719 2239; x_wconf 92' lang='lat' dir='ltr'><strong>p.</strong></span> <span class='ocrx_word' id='word_1_104' title='bbox 734 2157 793 2236; x_wconf 81' lang='lat'><strong>513</strong></span> <span class='ocrx_word' id='word_1_105' title='bbox 820 2155 878 2222; x_wconf 91' lang='lat' dir='ltr'><strong>sed</strong></span> <span class='ocrx_word' id='word_1_106' title='bbox 903 2155 1129 2221; x_wconf 88' lang='lat' dir='ltr'><strong>emendatione</strong></span> <span class='ocrx_word' id='word_1_107' title='bbox 1153 2176 1234 2240; x_wconf 94' lang='lat' dir='ltr'><strong>opus</strong></span> <span class='ocrx_word' id='word_1_108' title='bbox 1257 2175 1321 2220; x_wconf 94' lang='lat' dir='ltr'><strong>non</strong></span> <span class='ocrx_word' id='word_1_109' title='bbox 1344 2161 1402 2240; x_wconf 86' lang='lat' dir='ltr'><strong>est,</strong></span> <span class='ocrx_word' id='word_1_110' title='bbox 1430 2157 1584 2238; x_wconf 91' lang='lat' dir='ltr'><strong>quoniam</strong></span> 
     </span>
     <span class='ocr_line' id='line_1_15' title="bbox 353 2259 1450 2349; baseline -0.001 -24"><span class='ocrx_word' id='word_1_111' title='bbox 353 2261 387 2327; x_wconf 92' lang='lat' dir='ltr'><strong>in</strong></span> <span class='ocrx_word' id='word_1_112' title='bbox 410 2259 524 2327; x_wconf 89' lang='lat' dir='ltr'><strong>eodem</strong></span> <span class='ocrx_word' id='word_1_113' title='bbox 550 2261 715 2327; x_wconf 84' lang='lat' dir='ltr'><strong>enuntiato</strong></span> <span class='ocrx_word' id='word_1_114' title='bbox 740 2260 904 2328; x_wconf 89' lang='lat' dir='ltr'><strong>anteeedit</strong></span> <span class='ocrx_word' id='word_1_115' title='bbox 926 2264 1038 2329; x_wconf 86' lang='lat' dir='ltr'><strong>aoristi</strong></span> <span class='ocrx_word' id='word_1_116' title='bbox 1062 2262 1165 2327; x_wconf 82' lang='lat' dir='ltr'><strong>forma</strong></span> <span class='ocrx_word' id='word_1_117' title='bbox 1187 2263 1308 2328; x_wconf 81' lang='grc' dir='ltr'>ἐπεὶ...</span> <span class='ocrx_word' id='word_1_118' title='bbox 1332 2261 1450 2349; x_wconf 75' lang='grc' dir='ltr'>ἤρξατο.</span> 
     </span>
    </p>
   </div>
   <div class='ocr_carea' id='block_1_5' title="bbox 441 2573 1261 2721">
    <p class='ocr_par' dir='ltr' id='par_1_6' title="bbox 441 2573 1261 2721">
     <span class='ocr_line' id='line_1_16' title="bbox 441 2573 1261 2721; baseline 0 -22"><span class='ocrx_word' id='word_1_119' title='bbox 441 2639 473 2717; x_wconf 86' lang='grc'><strong>4,</strong></span> <span class='ocrx_word' id='word_1_120' title='bbox 500 2573 540 2704; x_wconf 88' lang='grc'><strong>18</strong></span> <span class='ocrx_word' id='word_1_121' title='bbox 563 2640 674 2721; x_wconf 74' lang='grc' dir='ltr'>τροφὴν</span> <span class='ocrx_word' id='word_1_122' title='bbox 696 2634 820 2720; x_wconf 84' lang='grc' dir='ltr'>ἐρευνῶν</span> <span class='ocrx_word' id='word_1_123' title='bbox 843 2640 897 2701; x_wconf 90' lang='grc' dir='ltr'><strong>και</strong></span> <span class='ocrx_word' id='word_1_124' title='bbox 918 2637 1109 2719; x_wconf 78' lang='grc' dir='ltr'>βοτανῶδει</span> <span class='ocrx_word' id='word_1_125' title='bbox 1114 2660 1131 2709; x_wconf 89' lang='grc' dir='ltr'>ς</span> <span class='ocrx_word' id='word_1_126' title='bbox 1152 2642 1261 2710; x_wconf 88' lang='grc' dir='ltr'>τόπους</span> 
     </span>
    </p>
   </div>
   <div class='ocr_carea' id='block_1_6' title="bbox 353 2772 1583 3007">
    <p class='ocr_par' dir='ltr' id='par_1_7' title="bbox 353 2772 1583 3007">
     <span class='ocr_line' id='line_1_17' title="bbox 443 2772 1178 2902; baseline 0 -25"><span class='ocrx_word' id='word_1_127' title='bbox 443 2814 472 2893; x_wconf 98' lang='grc'>5,</span> <span class='ocrx_word' id='word_1_128' title='bbox 496 2813 539 2879; x_wconf 93' lang='grc'><strong>59</strong></span> <span class='ocrx_word' id='word_1_129' title='bbox 564 2772 584 2876; x_wconf 85' lang='grc' dir='ltr'>ἀ</span> <span class='ocrx_word' id='word_1_130' title='bbox 607 2825 663 2899; x_wconf 77' lang='grc' dir='ltr'><strong>γῆν</strong></span> <span class='ocrx_word' id='word_1_131' title='bbox 686 2814 911 2902; x_wconf 84' lang='grc' dir='ltr'>κατηδάρισε</span> <span class='ocrx_word' id='word_1_132' title='bbox 934 2815 1178 2901; x_wconf 72' lang='grc' dir='ltr'>βαρβαρουρένρν</span> 
     </span>
     <span class='ocr_line' id='line_1_18' title="bbox 353 2917 1583 3007; baseline 0.007 -25"><span class='ocrx_word' id='word_1_133' title='bbox 353 2920 536 3006; x_wconf 76' lang='grc' dir='ltr'>κατηδόιριζε</span> <span class='ocrx_word' id='word_1_134' title='bbox 559 2918 642 2986; x_wconf 88' lang='lat' dir='ltr'><strong>eoni.</strong></span> <span class='ocrx_word' id='word_1_135' title='bbox 666 2918 810 3004; x_wconf 83' lang='lat' dir='ltr'><strong>Mueller,</strong></span> <span class='ocrx_word' id='word_1_136' title='bbox 835 2917 956 3003; x_wconf 84' lang='lat' dir='ltr'><strong>Ignatii</strong></span> <span class='ocrx_word' id='word_1_137' title='bbox 979 2920 1130 2985; x_wconf 81' lang='lat' dir='ltr'><strong>Diaconii</strong></span> <span class='ocrx_word' id='word_1_138' title='bbox 1153 2920 1343 2988; x_wconf 76' lang='lat' dir='ltr'><strong>tetrasticha</strong></span> <span class='ocrx_word' id='word_1_139' title='bbox 1366 2921 1508 2988; x_wconf 80' lang='lat' dir='ltr'><strong>iambica</strong></span> <span class='ocrx_word' id='word_1_140' title='bbox 1531 2925 1583 3007; x_wconf 85' lang='grc'>53,</span> 
     </span>
    </p>
   </div>
   <div class='ocr_carea' id='block_1_7' title="bbox 353 3023 1583 3205">
    <p class='ocr_par' dir='ltr' id='par_1_8' title="bbox 353 3023 1583 3205">
     <span class='ocr_line' id='line_1_19' title="bbox 353 3023 1583 3111; baseline 0.006 -24"><span class='ocrx_word' id='word_1_141' title='bbox 353 3044 467 3090; x_wconf 85' lang='lat' dir='ltr'><strong>uersus</strong></span> <span class='ocrx_word' id='word_1_142' title='bbox 489 3024 523 3088; x_wconf 93' lang='lat' dir='ltr'><strong>in</strong></span> <span class='ocrx_word' id='word_1_143' title='bbox 547 3023 707 3089; x_wconf 82' lang='lat' dir='ltr'><strong>Adamum</strong></span> <span class='ocrx_word' id='word_1_144' title='bbox 726 3027 788 3091; x_wconf 88' lang='grc'><strong>143</strong></span> <span class='ocrx_word' id='word_1_145' title='bbox 811 3047 842 3111; x_wconf 91' lang='lat' dir='ltr'><strong>p.</strong></span> <span class='ocrx_word' id='word_1_146' title='bbox 857 3028 879 3092; x_wconf 83' lang='lat'>9</span> <span class='ocrx_word' id='word_1_147' title='bbox 895 3026 969 3091; x_wconf 92' lang='lat' dir='ltr'><strong>adn.</strong></span> <span class='ocrx_word' id='word_1_148' title='bbox 985 3028 1021 3109; x_wconf 78' lang='lat'><strong>23</strong></span> <span class='ocrx_word' id='word_1_149' title='bbox 1045 3026 1104 3092; x_wconf 85' lang='lat' dir='ltr'><strong>sed</strong></span> <span class='ocrx_word' id='word_1_150' title='bbox 1128 3036 1304 3110; x_wconf 87' lang='lat' dir='ltr'><strong>sequuntur</strong></span> <span class='ocrx_word' id='word_1_151' title='bbox 1325 3029 1424 3093; x_wconf 83' lang='lat' dir='ltr'><strong>verba</strong></span> <span class='ocrx_word' id='word_1_152' title='bbox 1439 3030 1459 3091; x_wconf 90' lang='grc' dir='ltr'><strong>ἃ</strong></span> <span class='ocrx_word' id='word_1_153' title='bbox 1474 3078 1481 3092; x_wconf 93' lang='grc'>.</span> <span class='ocrx_word' id='word_1_154' title='bbox 1495 3082 1503 3097; x_wconf 92' lang='grc'><strong>.</strong></span> <span class='ocrx_word' id='word_1_155' title='bbox 1516 3079 1523 3094; x_wconf 94' lang='grc'><strong>.</strong></span> <span class='ocrx_word' id='word_1_156' title='bbox 1535 3031 1583 3094; x_wconf 66' lang='grc' dir='ltr'><strong>δέ</strong></span> 
     </span>
     <span class='ocr_line' id='line_1_20' title="bbox 353 3132 827 3205; baseline 0.004 -10"><span class='ocrx_word' id='word_1_157' title='bbox 353 3133 504 3198; x_wconf 88' lang='grc' dir='ltr'>δωκεν...</span> <span class='ocrx_word' id='word_1_158' title='bbox 529 3136 582 3195; x_wconf 80' lang='grc' dir='ltr'><strong>καὶ</strong></span> <span class='ocrx_word' id='word_1_159' title='bbox 605 3132 827 3205; x_wconf 77' lang='grc' dir='ltr'>...έξέσωσε</span> 
     </span>
    </p>
   </div>
   <div class='ocr_carea' id='block_1_8' title="bbox 442 3284 1226 3463">
    <p class='ocr_par' dir='ltr' id='par_1_9' title="bbox 442 3284 1226 3463">
     <span class='ocr_line' id='line_1_21' title="bbox 442 3284 1226 3463; baseline 0.001 -71"><span class='ocrx_word' id='word_1_160' title='bbox 442 3329 472 3403; x_wconf 94' lang='grc'>2,</span> <span class='ocrx_word' id='word_1_161' title='bbox 497 3329 539 3393; x_wconf 93' lang='grc'><strong>21</strong></span> <span class='ocrx_word' id='word_1_162' title='bbox 564 3284 677 3393; x_wconf 78' lang='grc' dir='ltr'>θᾶττον</span> <span class='ocrx_word' id='word_1_163' title='bbox 686 3350 750 3463; x_wconf 55' lang='lat' dir='ltr'><strong>-p-</strong></span> <span class='ocrx_word' id='word_1_164' title='bbox 727 3331 980 3407; x_wconf 85' lang='grc' dir='ltr'>τεσκεόασεν,</span> <span class='ocrx_word' id='word_1_165' title='bbox 1005 3331 1040 3402; x_wconf 86' lang='grc' dir='ltr'><strong>ὃς</strong></span> <span class='ocrx_word' id='word_1_166' title='bbox 1062 3334 1226 3415; x_wconf 75' lang='grc' dir='ltr'>παραυτίκα</span> 
     </span>
    </p>
   </div>
   <div class='ocr_carea' id='block_1_9' title="bbox 356 3454 1136 3684">
    <p class='ocr_par' dir='ltr' id='par_1_10' title="bbox 373 3454 1136 3684">
     <span class='ocr_line' id='line_1_22' title="bbox 441 3454 1136 3595; baseline 0.003 -26"><span class='ocrx_word' id='word_1_167' title='bbox 441 3506 471 3589; x_wconf 94' lang='grc'><strong>4,</strong></span> <span class='ocrx_word' id='word_1_168' title='bbox 496 3505 560 3572; x_wconf 89' lang='lat'>8</span> <span class='ocrx_word' id='word_1_169' title='bbox 539 3463 635 3589; x_wconf 78' lang='grc' dir='ltr'>(ρκουν</span> <span class='ocrx_word' id='word_1_170' title='bbox 659 3454 778 3571; x_wconf 78' lang='grc' dir='ltr'>ἐκεῖθεν</span> <span class='ocrx_word' id='word_1_171' title='bbox 801 3506 1038 3579; x_wconf 71' lang='grc' dir='ltr'>ἐξελαθέντες</span> <span class='ocrx_word' id='word_1_172' title='bbox 1060 3507 1136 3595; x_wconf 80' lang='grc' dir='ltr'>ξὶρει</span> 
     </span>
     <span class='ocr_line' id='line_1_23' title="bbox 356 3610 931 3684; baseline 0.009 -11.155"><span class='ocrx_word' id='word_1_173' title='bbox 356 3610 567 3684; x_wconf 82' lang='grc' dir='ltr'>ἐξελασθέντες</span> <span class='ocrx_word' id='word_1_174' title='bbox 588 3611 674 3678; x_wconf 89' lang='lat' dir='ltr'><strong>male</strong></span> <span class='ocrx_word' id='word_1_175' title='bbox 697 3612 778 3679; x_wconf 87' lang='lat' dir='ltr'><strong>ooni.</strong></span> <span class='ocrx_word' id='word_1_176' title='bbox 802 3613 931 3679; x_wconf 87' lang='lat' dir='ltr'><strong>Iaeobs</strong></span> 
     </span>
    </p>
   </div>
   <div class='ocr_carea' id='block_1_10' title="bbox 444 3804 1237 3896">
    <p class='ocr_par' dir='ltr' id='par_1_11' title="bbox 444 3804 1237 3896">
     <span class='ocr_line' id='line_1_24' title="bbox 444 3804 1237 3896; baseline 0.005 -26"><span class='ocrx_word' id='word_1_177' title='bbox 444 3808 561 3884; x_wconf 83' lang='lat'><strong>1,167</strong></span> <span class='ocrx_word' id='word_1_178' title='bbox 586 3804 629 3879; x_wconf 72' lang='grc' dir='ltr'><strong>εἰς</strong></span> <span class='ocrx_word' id='word_1_179' title='bbox 652 3806 870 3893; x_wconf 71' lang='grc' dir='ltr'>πλησμονὴν”</span> <span class='ocrx_word' id='word_1_180' title='bbox 849 3829 973 3892; x_wconf 89' lang='grc' dir='ltr'>απειρον</span> <span class='ocrx_word' id='word_1_181' title='bbox 996 3805 1170 3896; x_wconf 80' lang='grc' dir='ltr'>ὓδατουρέ</span> <span class='ocrx_word' id='word_1_182' title='bbox 1175 3831 1237 3895; x_wconf 81' lang='grc' dir='ltr'><strong>νην</strong></span> 
     </span>
    </p>
   </div>
   <div class='ocr_carea' id='block_1_11' title="bbox 352 3893 1224 4069">
    <p class='ocr_par' dir='ltr' id='par_1_12' title="bbox 352 3893 1224 4069">
     <span class='ocr_line' id='line_1_25' title="bbox 352 3893 1224 4069; baseline 0.006 -22"><span class='ocrx_word' id='word_1_183' title='bbox 352 3893 367 3984; x_wconf 54' lang='grc'><strong>1</strong></span> <span class='ocrx_word' id='word_1_184' title='bbox 412 3926 472 4069; x_wconf 53' lang='grc' dir='ltr'><strong>ψ2,</strong></span> <span class='ocrx_word' id='word_1_185' title='bbox 498 3929 563 4050; x_wconf 80' lang='grc'><strong>212</strong></span> <span class='ocrx_word' id='word_1_186' title='bbox 586 3930 715 4068; x_wconf 77' lang='grc' dir='ltr'>έβαλλον</span> <span class='ocrx_word' id='word_1_187' title='bbox 740 3929 883 4064; x_wconf 41' lang='lat' dir='ltr'><strong>stodes</strong></span> <span class='ocrx_word' id='word_1_188' title='bbox 869 3985 1113 4069; x_wconf 83' lang='grc' dir='ltr'>ἀνεβάλλοντο</span> <span class='ocrx_word' id='word_1_189' title='bbox 1136 3988 1224 4052; x_wconf 88' lang='grc' dir='ltr'>πλέον</span> 
     </span>
    </p>
   </div>
   <div class='ocr_carea' id='block_1_12' title="bbox 352 4089 1178 4177">
    <p class='ocr_par' dir='ltr' id='par_1_13' title="bbox 352 4089 1178 4177">
     <span class='ocr_line' id='line_1_26' title="bbox 352 4089 1178 4177; baseline 0.002 -22"><span class='ocrx_word' id='word_1_190' title='bbox 352 4091 469 4157; x_wconf 87' lang='lat' dir='ltr'><strong>Iaoobs</strong></span> <span class='ocrx_word' id='word_1_191' title='bbox 492 4089 705 4174; x_wconf 87' lang='lat' dir='ltr'><strong>probabiliter</strong></span> <span class='ocrx_word' id='word_1_192' title='bbox 728 4092 866 4157; x_wconf 87' lang='lat' dir='ltr'><strong>eonieoit</strong></span> <span class='ocrx_word' id='word_1_193' title='bbox 890 4092 1178 4177; x_wconf 65' lang='grc' dir='ltr'>ἀντεβάλλοντοά</span> 
     </span>
    </p>
   </div>
   <div class='ocr_carea' id='block_1_13' title="bbox 349 4214 1580 4732">
    <p class='ocr_par' dir='ltr' id='par_1_14' title="bbox 349 4214 1580 4620">
     <span class='ocr_line' id='line_1_27' title="bbox 442 4214 1580 4299; baseline 0.008 -22"><span class='ocrx_word' id='word_1_194' title='bbox 442 4214 576 4281; x_wconf 88' lang='lat' dir='ltr'><strong>Praeter</strong></span> <span class='ocrx_word' id='word_1_195' title='bbox 599 4214 659 4282; x_wconf 89' lang='lat' dir='ltr'><strong>hos</strong></span> <span class='ocrx_word' id='word_1_196' title='bbox 683 4235 764 4299; x_wconf 91' lang='lat' dir='ltr'><strong>quos</strong></span> <span class='ocrx_word' id='word_1_197' title='bbox 788 4217 1110 4283; x_wconf 82' lang='lat' dir='ltr'><strong>commemoravimus</strong></span> <span class='ocrx_word' id='word_1_198' title='bbox 1133 4218 1223 4283; x_wconf 87' lang='lat' dir='ltr'><strong>looos</strong></span> <span class='ocrx_word' id='word_1_199' title='bbox 1245 4218 1367 4283; x_wconf 87' lang='lat' dir='ltr'><strong>nullum</strong></span> <span class='ocrx_word' id='word_1_200' title='bbox 1390 4238 1520 4285; x_wconf 85' lang='lat' dir='ltr'><strong>versum</strong></span> <span class='ocrx_word' id='word_1_201' title='bbox 1535 4222 1580 4285; x_wconf 92' lang='lat' dir='ltr'><strong>in·</strong></span> 
     </span>
     <span class='ocr_line' id='line_1_28' title="bbox 352 4321 1579 4405; baseline 0 -18"><span class='ocrx_word' id='word_1_202' title='bbox 352 4321 478 4399; x_wconf 86' lang='lat' dir='ltr'><strong>venies,</strong></span> <span class='ocrx_word' id='word_1_203' title='bbox 514 4342 577 4405; x_wconf 89' lang='lat' dir='ltr'><strong>quo</strong></span> <span class='ocrx_word' id='word_1_204' title='bbox 611 4321 815 4389; x_wconf 81' lang='lat' dir='ltr'><strong>Theodosius</strong></span> <span class='ocrx_word' id='word_1_205' title='bbox 850 4330 963 4388; x_wconf 87' lang='lat' dir='ltr'><strong>eontra</strong></span> <span class='ocrx_word' id='word_1_206' title='bbox 994 4331 1136 4389; x_wconf 86' lang='lat' dir='ltr'><strong>veterum</strong></span> <span class='ocrx_word' id='word_1_207' title='bbox 1168 4344 1289 4390; x_wconf 91' lang='lat' dir='ltr'><strong>morem</strong></span> <span class='ocrx_word' id='word_1_208' title='bbox 1320 4326 1467 4392; x_wconf 80' lang='lat' dir='ltr'><strong>vocalem</strong></span> <span class='ocrx_word' id='word_1_209' title='bbox 1500 4333 1579 4388; x_wconf 76' lang='lat' dir='ltr'><strong>All</strong></span> 
     </span>
     <span class='ocr_line' id='line_1_29' title="bbox 353 4427 1578 4517; baseline 0.002 -23"><span class='ocrx_word' id='word_1_210' title='bbox 353 4434 535 4512; x_wconf 79' lang='lat' dir='ltr'><strong>correptam</strong></span> <span class='ocrx_word' id='word_1_211' title='bbox 557 4427 754 4513; x_wconf 82' lang='lat' dir='ltr'><strong>produxerit.</strong></span> <span class='ocrx_word' id='word_1_212' title='bbox 802 4430 885 4497; x_wconf 89' lang='lat' dir='ltr'><strong>Nam</strong></span> <span class='ocrx_word' id='word_1_213' title='bbox 916 4429 1003 4514; x_wconf 89' lang='lat' dir='ltr'><strong>quod</strong></span> <span class='ocrx_word' id='word_1_214' title='bbox 1031 4429 1235 4497; x_wconf 85' lang='lat' dir='ltr'><strong>Theodosius</strong></span> <span class='ocrx_word' id='word_1_215' title='bbox 1263 4432 1402 4517; x_wconf 87' lang='lat' dir='ltr'><strong>priorem</strong></span> <span class='ocrx_word' id='word_1_216' title='bbox 1429 4434 1578 4501; x_wconf 83' lang='lat' dir='ltr'><strong>voeabuli</strong></span> 
     </span>
     <span class='ocr_line' id='line_1_30' title="bbox 349 4534 782 4620; baseline 0.005 -21"><span class='ocrx_word' id='word_1_217' title='bbox 349 4534 424 4608; x_wconf 79' lang='grc' dir='ltr'>ἴσως</span> <span class='ocrx_word' id='word_1_218' title='bbox 447 4534 607 4619; x_wconf 89' lang='lat' dir='ltr'><strong>syllabam</strong></span> <span class='ocrx_word' id='word_1_219' title='bbox 630 4535 782 4620; x_wconf 87' lang='lat' dir='ltr'><strong>produxit</strong></span> 
     </span>
    </p>

    <p class='ocr_par' dir='ltr' id='par_1_15' title="bbox 441 4644 1205 4732">
     <span class='ocr_line' id='line_1_31' title="bbox 441 4644 1205 4732; baseline 0.004 -25"><span class='ocrx_word' id='word_1_220' title='bbox 441 4644 469 4717; x_wconf 87' lang='grc'>3,</span> <span class='ocrx_word' id='word_1_221' title='bbox 494 4644 558 4707; x_wconf 81' lang='grc'><strong>211</strong></span> <span class='ocrx_word' id='word_1_222' title='bbox 582 4646 635 4708; x_wconf 87' lang='grc' dir='ltr'><strong>καὶ</strong></span> <span class='ocrx_word' id='word_1_223' title='bbox 657 4644 779 4707; x_wconf 86' lang='grc' dir='ltr'>πλεῖστα</span> <span class='ocrx_word' id='word_1_224' title='bbox 802 4645 976 4732; x_wconf 77' lang='grc' dir='ltr'>ρημίξουσιν</span> <span class='ocrx_word' id='word_1_225' title='bbox 995 4645 1081 4719; x_wconf 81' lang='grc' dir='ltr'>ἴσως</span> <span class='ocrx_word' id='word_1_226' title='bbox 1105 4644 1205 4730; x_wconf 80' lang='grc' dir='ltr'>ἀξίως,</span> 
     </span>
    </p>
   </div>
   <div class='ocr_carea' id='block_1_14' title="bbox 0 0 1734 5200">
    <p class='ocr_par' dir='ltr' id='par_1_16' title="bbox 0 0 1734 5200">
     <span class='ocr_line' id='line_1_32' title="bbox 0 0 1734 5200; baseline 0 0"><span class='ocrx_word' id='word_1_227' title='bbox 0 0 1734 5200; x_wconf 95' lang='lat' dir='ltr'><strong> </strong></span> 
     </span>
    </p>
   </div>
  </div>
 </body>
</html>
