3459 5200
688 565 731 629 lx

53 772 105 822 ¹²⁰³
148 764 150 768 ’
204 769 327 835 Ὄντων
360 771 400 856 δη
434 770 548 837 τούτων
581 773 640 837 τῶν
673 770 821 838 ἀνωτάτω
848 772 945 857 γενῶν
973 770 1056 835 κατά
1088 771 1143 856 την
1175 771 1290 837 τούτων

123 873 203 958 μῖξιν
236 871 398 957 ὑφίσταται
429 873 468 938 τά
501 896 534 939 τε
568 875 661 961 μικταὶ
692 877 802 961 γενικά
837 874 1134 961 προσαγορευόμενα
1166 879 1220 940 καί
1252 875 1291 942 τά

122 978 216 1041 κοινὰ
237 987 426 1053 συστηματικά.

39 1099 53 1133 ¹·
73 1085 104 1135 65
210 1081 276 1147 Καί
299 1083 390 1168 μικταὶ
419 1086 474 1168 μὲν
494 1084 604 1168 γενικά
632 1082 673 1161 ὡς
700 1084 732 1147 αι”
752 1083 921 1168 τραγῳδίαι
949 1084 1004 1147 καί
1026 1082 1058 1146 αἱ
1079 1082 1209 1147 παλαιαί
1230 1104 1291 1147 κω-

123 1186 253 1269 μῳδίαι·
278 1186 370 1271 μέρος
392 1188 529 1273 μὲνγὰρ
551 1185 666 1251 τούτων
688 1186 862 1271 γέγραπται
887 1187 970 1250 κατὰ
993 1186 1114 1271 στίχον,
1144 1186 1235 1271 μὲρος
1257 1187 1292 1251 δὲ
1312 1196 1326 1240 5

121 1287 208 1352 κατά
232 1287 385 1375 σύστημα.

212 1391 311 1457 Κοινὰ
340 1394 374 1457 δὲ
407 1401 587 1470 συστηματικά
625 1393 704 1478 ἅπερ
734 1395 789 1456 καί
817 1390 834 1456 ὁ
864 1392 947 1455 κατὰ
977 1391 1083 1477 στίχον
1112 1391 1292 1478 γεγράφθαι

124 1493 257 1579 φάσκων
280 1494 372 1580 ὑγιῶς
394 1498 431 1564 ἂν
453 1498 538 1584 λὲγοι
560 1500 615 1563 καί
637 1496 653 1562 ὁ
677 1498 760 1561 κατὰ
783 1494 936 1581 σύστημα,
961 1493 1001 1573 ὡς
1022 1494 1057 1559 τὸ
1080 1493 1223 1579 δεύτερον
1237 1496 1292 1559 καί

213 1705 336 1775 Discrep.
355 1706 427 1775 leci]
452 1708 469 1759 3
488 1705 668 1773 συστηματικοί
686 1702 770 1766 οοάά.;
789 1705 877 1758 schol.
887 1704 975 1772 Heph.
985 1722 1011 1772 p.
1021 1704 1057 1756 XI
1071 1704 1185 1766 14-16;
1205 1704 1291 1757 schol.

122 1794 215 1859 Heph.
234 1792 256 1845 B
275 1810 301 1860 p.
318 1793 343 1855 8,
362 1792 443 1857 8;1s.
462 1793 553 1846 Tzetz.
572 1811 597 1862 p.
611 1793 653 1854 63,
674 1794 701 1855 1;
720 1786 812 1859 γενικά
831 1807 899 1843 corr.
920 1792 949 1844 G.
962 1791 1101 1843 Hennann
1118 1790 1145 1842 in
1158 1790 1192 1843 el.
1207 1790 1292 1843 doctr.

121 1884 205 1932 metr.
229 1896 254 1947 p.
279 1881 326 1942 96.
358 1880 450 1945 γενικσί
486 1880 514 1933 in
543 1884 647 1934 textum
677 1880 781 1948 recepit
807 1878 965 1947 Westphal,
996 1877 1174 1945 συστηματικά
1206 1894 1293 1943 gram·

121 1967 228 2021 matico
246 1967 340 2020 tribuit
363 1968 465 2021 Caesar
491 1967 508 2019 l.
528 1984 550 2020 c.
578 1985 604 2035 p.
622 1968 678 2020 XV.
714 1967 723 2034 l!
759 1967 773 2019 7
801 1964 981 2033 συστηματικοί
1000 1964 1070 2019 codd.
1098 1966 1185 2018 schol.
1204 1965 1292 2033 Heph.

121 2056 146 2107 B
167 2072 195 2122 p.
214 2056 273 2115 8.9
304 2072 359 2123 σιμ
386 2055 421 2109 1s.
439 2055 531 2109 Tzetz.
556 2072 581 2123 p.
600 2056 642 2118 63,
660 2057 689 2117 ⁰23
713 2055 859 2121 Wesiphal
886 2054 913 2106 in
938 2060 1041 2107 textum
1068 2054 1170 2121 recepit
1193 2053 1293 2120 γενικά,

122 2144 231 2196 Caesar
247 2142 265 2194 l.
285 2158 307 2194 c.
331 2160 356 2211 p.
374 2144 422 2196 XV
440 2142 621 2209 συστηματικοὶ
642 2142 820 2209 grammatico
838 2141 942 2196 tribuit.

214 2335 394 2405 Testimonia]
433 2336 499 2388 1-3
526 2335 613 2387 schol.
637 2334 725 2403 Heph.
750 2338 763 2399 β
790 2351 816 2402 p.
835 2335 894 2394 8,7
919 2350 959 2401 sq.
988 2337 1019 2385 ἐκ
1038 2334 1136 2388 τούτων
1156 2331 1295 2402 ὑφίσταται

120 2424 159 2476 τά
179 2422 259 2487 μικτὰ
277 2422 367 2489 γενικοὶ
385 2426 433 2473 καί
450 2422 527 2474 κοινοὶ
545 2420 734 2487 συστηματικά.
771 2421 806 2473 Is,
825 2420 915 2473 Tzetz.
936 2438 961 2488 p.
975 2420 1017 2484 66,
1032 2422 1066 2474 63
1085 2440 1126 2491 sq.
1146 2426 1178 2474 ἐκ
1196 2422 1294 2475 τούτων

120 2514 211 2561 τοίνυν
219 2516 274 2561 τοῖν
283 2512 361 2573 δυοῖν,
376 2508 542 2576 συστήματος
559 2513 606 2560 καί
620 2512 718 2575 στίχου,
739 2508 743 2576 ί
763 2507 795 2559 τά
809 2524 838 2558 τε
853 2507 895 2575 (γε
904 2505 986 2576 codd.)
1005 2508 1083 2574 μικτοὶ
1103 2514 1150 2560 καί
1166 2508 1198 2561 τά
1217 2510 1294 2561 κοινά

120 2602 290 2650 συνίστανται
316 2601 343 2649 ἐν
369 2598 473 2666 λάγοις;
502 2599 535 2652 cf.
559 2599 624 2652 ibid.
648 2615 674 2666 p.
693 2599 736 2662 66,
762 2598 873 2649 19-13
908 2594 916 2665 11
952 2596 1021 2649 4-6
1048 2596 1135 2650 schol.
1163 2598 1250 2664 Heph.
1280 2601 1292 2662 β

121 2704 149 2754 p.
171 2687 197 2746 8,
217 2687 234 2738 8
252 2703 293 2754 sq.
313 2686 390 2752 μικτά
410 2689 440 2738 δὲ
457 2685 550 2752 γενικά
568 2689 635 2737 ἐστιν
654 2689 681 2736 αἱ
699 2703 728 2737 τε
746 2688 891 2752 τραγῳδίαι
908 2688 954 2736 καί
973 2688 1000 2735 αἱ
1018 2688 1130 2736 παλαιαί
1147 2687 1291 2751 κωμῳδίαι,

121 2775 186 2824 ἐπεί
202 2775 250 2822 καί
267 2772 338 2823 κατὰ
357 2776 444 2838 στίχον
461 2777 508 2824 καί
525 2767 597 2824 κατά
616 2771 736 2838 σύστημα
753 2775 934 2838 γεγραμμέναι
952 2775 1007 2822 εἰσί.
1044 2771 1077 2823 Is,
1096 2772 1187 2824 Tzetz.
1207 2789 1232 2839 p.
1251 2773 1293 2832 6⁶2,

120 2859 229 2911 zia-31
266 2849 288 2926 μ’
310 2859 413 2910 7-Χ7
432 2858 519 2910 schol.
539 2859 656 2926 Heph.ss
675 2875 701 2926 p.
717 2859 742 2917 8.
759 2861 776 2909 6
794 2875 834 2926 sq.
854 2899 860 2911 .
880 2899 886 2911 .
907 2899 912 2910 .
932 2856 967 2920 ὡς
986 2859 1041 2923 ἔχει
1059 2857 1088 2908 τὸ
1108 2857 1230 2923 δεύτερον
1246 2862 1294 2910 καί

120 2950 212 3013 τρίτον
229 2948 363 3011 Σαπφοῦς,
382 2946 425 2996 διοί
443 2945 472 2996 τὸ
492 2948 573 3011 μηδὲν
592 2943 760 3011 εὑρίσκεσθαι
778 2940 894 3010 ἀριθμοῦ
906 2947 1034 3010 περιττοῦ.
1060 2944 1124 2997 ibid.
1134 2962 1160 3014 p.
1171 2945 1194 3004 8,
1205 2944 1292 3016 iifsqq.

119 3032 203 3085 κοινά
227 3035 258 3082 δὲ
285 3031 464 3097 συστηματικά
489 3035 570 3095 ἐστιν,
601 3031 669 3097 ἅπερ
696 3033 729 3084 τά
758 3026 825 3084 αὐτοὶ
851 3035 899 3084 καί
927 3031 998 3084 κατὰ
1026 3036 1113 3097 στίχον
1140 3031 1293 3098 γεγράφθαι

121 3120 246 3187 φήσομεν
264 3120 307 3170 διοὶ
325 3119 355 3170 τὸ
373 3116 465 3184 ὅμοιον
482 3122 531 3170 καί
548 3119 619 3170 κατά
639 3119 758 3185 σύστημα
782 3120 825 3170 διά
846 3119 893 3185 την
912 3121 959 3185 τῆς
978 3116 1134 3185 ὁμοιότητος
1152 3120 1200 3185 της
1218 3135 1293 3185 ποιη-

119 3211 201 3273 τρίας
224 3205 340 3273 τήρησιν.
368 3206 400 3258 Is.
425 3207 516 3260 Tzeiz.
540 3223 566 3273 p.
585 3207 626 3268 63,
656 3207 748 3259 1-19.
783 3208 865 3257 Κοινὰ
889 3207 918 3258 δὲ
937 3206 1118 3273 συστηματικοὶ
1141 3205 1225 3259 ταῦτα
1243 3223 1292 3259 κα-

119 3296 234 3347 λοῦνται
252 3293 330 3345 πάλιν
346 3296 404 3346 κτλ.

354 3401 450 3409 *-
849 3402 949 3409 .-.ο-..-

620 3486 800 3551 Scholia.

213 3622 229 3666 4
266 3603 310 3681 ιῦς
333 3604 372 3668 αἱ
391 3605 648 3689 τραγῳδίαι]1
682 3602 703 3667 οἳ
730 3606 784 3690 μὲν
813 3602 913 3669 αύτιῦν
941 3603 1009 3682 τούς
1038 3607 1199 3692 ίαμβικούς
1226 3609 1292 3693 ἔχει

123 3709 260 3794 στίχους,
288 3707 309 3771 οἳ
337 3709 371 3772 δὲ
396 3708 512 3793 χορικοὶ
538 3707 578 3771 τά
601 3708 638 3771 ἐκ
659 3707 770 3774 κώλων
793 3707 981 3793 συγκείμενα
1003 3709 1012 3792 ii
1069 3726 1082 3771 ι
1119 3709 1229 3774 κοινά
1251 3711 1291 3775 δὲ
1312 3724 1348 3768 ¹⁰

121 3811 411 3896 συστηματικοὶτ
444 3810 660 3897 συστηματικά
685 3811 747 3896 γάρ
771 3811 807 3876 ἂν
829 3813 877 3896 εἴη
900 3819 1104 3880 κοινωνοῦντα
1126 3824 1187 3891 τοῖς
1208 3812 1291 3879 κατά

119 3914 247 3999 στίχον.
282 3913 333 3977 διὰ
361 3917 415 4000 μὲν
437 3913 498 4000 γάρ
520 3915 578 3979 πῖν’
604 3915 635 3978 ἐν
664 3925 726 3993 τοῖς
747 3915 890 3991 παλαιοῖς
914 3912 1108 3999 ἀντιγράφοις
1130 3918 1213 3980 κατά
1235 3917 1291 3982 δύο

119 4017 201 4102 ὁρᾶν
224 4018 521 4104 παραγεγραμμένα,
551 4016 656 4100 ὥσπερ
679 4018 711 4082 ἐν
732 4003 920 4104 περιορισμςῦ
947 4017 1144 4103 συστήματα·
1167 4020 1292 4103 προσέτι

119 4125 179 4187 καὶ
212 4121 264 4185 διὰ
295 4121 330 4186 τὸ
368 4123 465 4207 μηδὲν
502 4115 703 4206 εῦρίσκεσῦαι
742 4120 879 4207 ἀριθμοῦ
915 4123 1056 4205 περιττοῦ
1094 4121 1125 4186 ἐν
1162 4121 1292 4204 αὐτοῖς,3

212 4330 225 4381 1
259 4329 328 4382 haec
359 4346 400 4382 vv.
431 4330 532 4382 lemma
562 4347 624 4383 esse
654 4331 784 4397 cognovit
813 4325 898 4382 Pauw
937 4329 945 4398 ίΙ
994 4330 1010 4380 ⁶2
1040 4328 1072 4380 τά
1103 4330 1247 4398 Westphal
1283 4329 1291 4398 ί]

118 4422 136 4472 3
156 4421 186 4470 ἐν
205 4411 295 4480 αὐτοῖς
308 4416 413 4485 scripsi,
433 4421 460 4468 ἐν
477 4419 560 4483 ταύτῃ
582 4415 653 4480 GM;
672 4421 699 4468 ἐν
718 4417 801 4484 τούτῳ
821 4417 878 4470 sive
898 4419 924 4468 ἐν
942 4416 1044 4479 τούτοις
1063 4416 1154 4478 Pauw,
1174 4419 1290 4468 ἐνταῦθα

119 4504 283 4572 Westphal,
311 4506 338 4554 ἐν
356 4506 388 4569 τῇ
407 4503 483 4555 δυάδι
501 4504 615 4566 Caesar,
643 4503 690 4572 qui
709 4504 779 4556 haec
798 4520 840 4556 ιν.
859 4504 894 4556 ad
914 4502 1058 4570 sequentia
1077 4503 1211 4556 trahenda
1229 4519 1290 4556 esse

120 4591 238 4646 censuit.
