3459 5200
1027 555 1068 620 58

461 763 527 827 alia
550 762 620 828 eius
645 763 686 828 de
709 783 774 847 quo
792 762 901 845 agitur
922 762 998 827 loci.
1033 761 1165 827 Etenim
1181 760 1249 825 illic
1263 762 1469 845 Hephaestio
1493 762 1528 827 id
1549 762 1614 844 egit,

460 866 611 932 nivaria
634 866 890 949 compositionis
919 885 1043 948 genera
1070 865 1105 931 in
1133 866 1290 946 parabasi
1319 864 1354 929 in
1376 886 1480 931 unum
1503 865 1614 929 collata

460 970 640 1052 expediret,
651 971 672 1052 ¹)
694 971 748 1035 hic
771 974 807 1036 ut
828 974 937 1035 totum
957 970 1163 1052 parabaseos
1186 989 1307 1051 corpus
1331 969 1490 1034 continue
1519 968 1614 1049 scrip

460 1077 531 1137 tum
553 1073 643 1139 notis
666 1075 700 1139 in
722 1079 835 1156 partes
858 1074 1039 1156 digereret3
1063 1073 1103 1136 ci.
1127 1072 1228 1137 etiam
1244 1071 1370 1138 Caesar
1390 1093 1452 1138 em.
1474 1071 1614 1154 Hephll

458 1197 491 1258 p.
517 1177 611 1242 XVII.

544 1291 593 1353 De
622 1290 720 1355 huius
743 1290 879 1373 capituli
900 1291 945 1372 (p.
965 1289 1069 1354 XXXI
1092 1289 1210 1370 7-14)
1232 1293 1429 1371 argumento
1452 1289 1545 1370 quod
1568 1289 1615 1352 ad-

461 1395 579 1457 notent
618 1394 817 1476 interpretes
859 1413 929 1458 non
962 1393 1098 1470 habent,
1132 1397 1282 1458 attamen
1324 1393 1412 1457 inest
1449 1391 1616 1456 difficultas

459 1495 603 1560 maxime
632 1497 872 1563 memorabilis.
922 1497 1166 1561 Discernuntur
1194 1496 1279 1561 duae
1308 1495 1448 1560 notandi
1475 1495 1615 1560 rationes

461 1618 531 1662 non
554 1619 651 1664 secus
675 1619 714 1664 ac
738 1600 803 1665 duo
819 1602 1031 1682 parabaseon
1053 1618 1185 1681 genera.
1229 1600 1345 1664 Altera
1358 1599 1535 1681 parabasis
1552 1619 1617 1680 sep

409 1717 413 1721 ’
458 1704 660 1784 temperies
684 1704 904 1786 amplectitur,
933 1704 1039 1768 altera
1067 1704 1196 1768 duabus
1218 1704 1345 1768 ultimis
1368 1707 1421 1768 est
1443 1703 1617 1766 deminuta

458 1805 517 1870 Illa
546 1809 598 1870 est
628 1806 708 1870 satis
737 1808 941 1889 pervulgata,
975 1808 1059 1872 haec
1093 1825 1201 1889 neque
1235 1825 1324 1870 nunc
1357 1825 1500 1889 usquam
1536 1809 1618 1870 extat

458 1927 566 1990 neque
588 1927 736 1991 unquam
759 1911 911 1975 extitisse
938 1909 1078 1976 videtur.
1130 1909 1257 1974 Contra
1291 1908 1502 1974 desideratur
1537 1907 1620 1972 aliud

459 2011 665 2092 parabaseos
689 2031 793 2094 genus
817 2011 907 2096 quod
928 2016 1060 2076 tantum
1083 2031 1153 2077 non
1175 2011 1321 2093 legitime
1343 2015 1421 2092 post
1442 2010 1619 2092 parabasin

461 2114 624 2196 integram
653 2114 836 2191 inducitur;
871 2114 911 2179 cf.
941 2115 1046 2179 schol.
1074 2115 1146 2181 Hel.
1176 2115 1211 2178 in
1240 2114 1413 2196 Aristoph.
1456 2115 1518 2177 Αν.
1546 2115 1621 2177 1058

461 2211 593 2280 εἰώθασι
627 2215 705 2300 μετὰ
739 2215 796 2300 τὴν
829 2215 951 2280 τελείαν
983 2212 1160 2302 παράβασιν
1193 2214 1439 2300 ἐπιρρηματικὴν
1466 2217 1622 2280 ποιεῖσθαι

460 2318 614 2404 συζυγίαν.
660 2320 695 2385 Si
719 2320 799 2402 quid
822 2320 920 2384 video
941 2340 994 2385 res
1018 2321 1065 2385 lta
1087 2319 1286 2402 explicanda
1313 2324 1375 2385 est.
1418 2320 1621 2402 Hephaestio

458 2422 562 2508 τελείᾳ
594 2418 781 2508 παραβάσει,
815 2443 915 2506 quam
943 2443 976 2505 p.
1004 2424 1119 2488 XXVII
1149 2425 1188 2488 16
1215 2427 1465 2502 commemorat,
1500 2425 1622 2488 nullam

459 2530 584 2591 certam
611 2527 817 2610 parabaseos
846 2527 1019 2592 mutilatae
1047 2527 1191 2590 formam
1218 2526 1375 2609 opposuit
1403 2546 1512 2609 neque
1543 2547 1623 2611 quae

458 2652 494 2696 re
527 2651 606 2697 vera
633 2632 842 2714 parabaseon
872 2632 1044 2697 schemata
1072 2631 1161 2712 apud
1193 2635 1312 2713 poetas
1335 2638 1554 2697 occurrerent
1577 2634 1623 2695 in·

458 2734 602 2817 quisivit,
627 2735 687 2799 sed
710 2734 968 2800 ratiocinatione
982 2754 1063 2799 usus
1085 2736 1127 2799 ab
1143 2735 1273 2815 integra
1292 2735 1447 2816 parabasi
1471 2734 1625 2799 distinxit

460 2838 574 2903 omnia
596 2858 729 2920 genera,
752 2858 837 2921 quae
860 2840 924 2903 hac
945 2839 997 2903 rel
1020 2838 1078 2903 illa
1098 2842 1193 2919 parte
1223 2838 1359 2920 dempta
1381 2839 1524 2903 evadere
1545 2859 1624 2922 pos·

458 2946 542 3005 sent.
587 2942 637 3007 Ex
666 2942 785 3024 quibus
812 2946 850 3007 ut
879 2946 1007 3007 certum
1036 2940 1118 3006 illud
1146 2960 1250 3023 genus
1282 2940 1316 3005 in
1344 2940 1453 3022 capite
1476 2942 1550 3025 aspi
1572 2962 1625 3023 ors

457 3042 549 3129 μείων
572 3046 737 3127 seligeret,
760 3066 800 3109 eo
823 3045 987 3110 adductus
1010 3049 1071 3123 est,
1100 3044 1191 3127 quod
1212 3044 1270 3108 illa
1292 3044 1400 3109 lorma
1421 3044 1625 3127 singularem

458 3148 649 3230 requirebat
672 3149 891 3213 notationem.
937 3147 1097 3214 Conieras
1120 3147 1221 3212 etiam
1244 3166 1329 3230 quae
1351 3146 1440 3211 infra
1461 3168 1493 3229 p.
1518 3148 1565 3213 64
1588 3147 1627 3211 de

456 3251 661 3332 parabaseos
685 3253 859 3316 notatione
883 3242 1057 3316 disseram.

541 3372 710 3437 Hactenus
747 3373 788 3437 de
816 3372 1079 3455 Hephaestionis
1113 3371 1337 3437 enarratione.
1380 3371 1417 3434 ln
1450 3369 1630 3435 Heliodori

459 3475 654 3541 colometria
687 3477 936 3560 Aristophanea
972 3476 1028 3559 qui
1067 3474 1186 3540 fuisset
1220 3479 1376 3539 notarum
1409 3474 1631 3540 metricarum

456 3598 537 3642 usus
548 3585 775 3662 exposuerunt
787 3602 862 3645 cum
875 3580 1107 3645 Thiemannus
1119 3583 1191 3644 tum
1202 3579 1349 3643 Hensius
1364 3578 1386 3641 l.
1398 3597 1426 3641 c.
1441 3598 1474 3660 p.
1486 3578 1630 3651 35-71,

458 3701 566 3764 neque
588 3686 694 3747 totam
718 3684 805 3747 hanc
828 3683 1060 3766 quaestionem
1084 3683 1254 3747 revolvere
1276 3680 1359 3744 mihi
1382 3680 1549 3744 inanimo
1568 3686 1633 3748 est

458 3803 658 3867 quamquam
674 3786 709 3849 in
725 3787 784 3865 eis,
808 3806 893 3870 quae
908 3786 1054 3851 Hensius
1069 3784 1218 3867 protulit,
1242 3783 1406 3848 nonnulla
1428 3788 1517 3861 sunt,
1541 3804 1633 3867 quae

458 3888 569 3952 minus
591 3889 756 3970 placeant.
801 3890 924 3955 Verum
953 3908 1022 3953 non
1044 3908 1194 3970 possum,
1218 3887 1299 3970 quin
1320 3887 1438 3969 paucis
1463 3906 1565 3968 agam
1591 3888 1634 3950 de

456 3992 584 4056 ratione
607 3992 694 4057 inter
717 3991 910 4058 notationes
933 3992 1169 4058 Heliodoream
1193 3997 1292 4074 atque
1314 3991 1634 4073 Hephaestioneam

459 4094 698 4174 intercedente,
717 4098 876 4179 quoniam
891 4116 1010 4179 parum
1025 4099 1115 4161 recte
1133 4094 1216 4160 mihi
1230 4094 1361 4158 videtur
1376 4094 1523 4158 Heusins
1543 4094 1639 4159 iudi-

547 4335 565 4405 ¹)
585 4338 618 4390 cl.
632 4338 719 4391 schol.
733 4339 774 4409 (V)
784 4338 1004 4406 Aristothub.
1015 4339 1132 4406 518εῐση
1150 4340 1180 4390 σὲ
1196 4336 1374 4404 παραβάσεων
1391 4335 1467 4388 ἑπτά·
1485 4334 1567 4390 ἁπλᾶ
1590 4344 1640 4405 μὲν

454 4428 522 4489 τρία,
541 4424 611 4477 aaa&
631 4428 662 4477 δὲ
681 4430 767 4493 σχέσιν
784 4430 902 4493 τέσσαρα
923 4428 985 4489 artu
1013 4426 1088 4493 quod
1113 4424 1239 4479 scholion
1263 4440 1296 4477 ex
1318 4424 1524 4493 Hephaestione
1560 4426 1640 4481 deri

455 4515 549 4564 vatum
568 4528 630 4566 esse
648 4514 805 4581 negandum
825 4517 879 4576 est;
898 4512 1009 4566 Aristot.
1022 4512 1155 4579 problem.
1175 4512 1194 4566 1.
1207 4510 1267 4565 XIX
1280 4529 1302 4565 c.
1317 4512 1350 4564 15
1368 4510 1409 4563 ὅτι
1432 4516 1458 4563 ot
1480 4514 1525 4578 μὲν
1554 4514 1642 4579 νόμοι

455 4593 603 4665 ἀγωνιστῶν
619 4599 696 4667 ἦσαν,
775 4598 792 4668 ἠ
813 4596 867 4669 ᾠδὴ
888 4604 992 4667 ἐγένετο
1011 4600 1103 4667 μακροὶ
1121 4603 1168 4652 καί
1186 4598 1337 4666 πολυειδὴς.
