3459 5200
989 592 1106 665 XXXII

945 690 1146 698 n———a

461 800 610 894 οτρυφοίς.
646 801 691 892 ἐφ’
716 804 852 892 ἑκάστης
874 810 929 894 μὲν
951 806 1005 873 οὖν
1027 808 1163 893 στροφῆς
1190 806 1310 873 τίθεται
1338 806 1560 893 παράγραφος·
1593 808 1618 872 ἐν
1632 819 1682 882 ριν

462 913 498 981 δὲ
518 920 584 989 ταῖς
604 910 769 995 προτέραις
791 920 938 996 στροφαῖς
960 912 1010 977 ἐπὶ
1031 913 1086 976 τοῦ
1106 910 1284 976 τελευταίου
1299 910 1404 977 ιιιιίλου
1420 912 1476 976 διίο
1492 911 1619 976 τίθενται

461 1015 575 1097 διπλαῖ,
609 1010 629 1098 ή
660 1016 715 1100 μὲν
743 1008 812 1079 κατ’
841 1006 944 1099 ἀρχὰς
971 1012 1030 1092 ἔξω
1060 1013 1228 1101 βλέπουσα,
1264 1012 1286 1098 ἡ
1316 1014 1352 1078 δὲ
1379 1012 1461 1079 κατὰ
1484 1013 1518 1079 τὸ
1542 1014 1620 1091 τέλος

461 1117 524 1181 ἔσω
557 1120 732 1202 νενευᾷιυῖα,
766 1115 941 1202 δηλούντων
973 1110 1063 1204 ἡμῶν
1090 1115 1142 1181 διοὶ
1173 1124 1229 1201 τῆς
1262 1118 1323 1182 ἔσω
1358 1116 1550 1205 βλεπούσης,
1582 1117 1620 1181 ὅτ

427 1219 702 1285 οάνταποδίδοταί
722 1243 788 1284 τινα
811 1220 928 1298 αὐτοῖς·
953 1220 984 1285 ἐν
1007 1221 1042 1285 δὲ
1063 1230 1127 1298 τοῖς
1150 1214 1438 1307 ἀνταποδιδομένοις
1460 1221 1554 1285 πάλιν
1575 1222 1621 1305 μὲν

462 1316 507 1407 ἐφ’
538 1322 674 1408 ἑκάστης
701 1324 836 1409 στροφῆς
863 1322 1080 1409 παράγραφος,
1109 1325 1159 1388 ἐπὶ
1189 1325 1225 1388 δὲ
1246 1324 1301 1388 τοῦ
1322 1323 1501 1389 τελευταίου
1523 1321 1620 1387 κωλοι

461 1426 517 1490 δύο
546 1427 660 1510 διπλαῖ,
694 1425 716 1512 η
745 1429 799 1512 μὲν
825 1424 896 1492 κατ’
928 1424 1039 1513 ἀρχάς,
1068 1424 1148 1512 ἠδὲ
1169 1425 1254 1491 κατὰ
1274 1425 1310 1491 τὸ
1332 1426 1431 1511 τέλος,
1454 1426 1619 1512 ἀμφότεροι

462 1529 564 1614 μέντοι
597 1530 656 1609 ἔξω
688 1539 868 1614 νενευκυῖαι,
902 1528 953 1594 διὰ
980 1528 1095 1596 τούτων
1123 1529 1299 1616 δηλούντων
1326 1528 1425 1617 ημῶν,
1458 1528 1506 1595 ὅτι
1540 1523 1620 1593 ἀντα-

460 1632 636 1698 ποδέδοται.

548 1866 763 1937 Νεστορίδαι]
802 1869 814 1919 1
836 1870 882 1933 μὲν
901 1866 942 1935 Μ,
961 1868 989 1920 in
1008 1866 1040 1921 K
1055 1884 1172 1931 erasum,
1191 1884 1244 1921 om.
1263 1866 1324 1921 dett.
1359 1866 1368 1935 η
1402 1866 1470 1919 λδὲ
1488 1866 1517 1918 in
1536 1880 1621 1919 rasura

462 1954 594 2023 scriptum
617 1972 634 2007 a
651 1950 697 2006 K'
736 1954 746 2023 λ
789 1956 806 2007 5
833 1957 879 2020 μὲν
904 1952 960 2016 OB,
978 1954 1007 2007 in
1024 1953 1057 2007 K
1081 1972 1198 2019 erasum,
1218 1971 1271 2010 om.
1290 1952 1350 2007 dett.
1394 1951 1404 2021 ΙΙ
1448 1948 1622 2006 8τὶνταιιοδὲ-

462 2045 537 2094 δοται
555 2042 710 2095 Thiemann
728 2041 746 2094 l.
765 2057 787 2094 c.
806 2058 832 2109 p.
848 2042 882 2093 37
902 2041 964 2094 adn.
982 2043 1011 2105 33
1035 2036 1320 2095 ἀνταποδίδοταιοοάιλ
1365 2040 1374 2110 ΙΙ
1418 2042 1435 2092 9
1462 2046 1528 2108 post
1554 2036 1622 2093 ἀντιτ-

463 2132 600 2181 ποδίδοται
617 2126 650 2181 K
654 2127 663 2159 ¹
682 2128 759 2181 addit
781 2127 927 2195 ἐτελειώθη
947 2128 976 2179 τοΙ
995 2130 1042 2180 τοῦ
1060 2125 1234 2196 ἡφαιστίωνος
1252 2130 1415 2195 ἐγχειρίδιον.
1451 2126 1530 2180 Haec
1549 2126 1623 2179 verba

463 2215 491 2268 in
503 2214 535 2267 K
551 2219 614 2269 sunt
631 2214 729 2269 ultima
746 2214 880 2277 foliiffin
900 2214 933 2267 cf.
952 2231 1024 2282 quae
1043 2215 1076 2269 de
1095 2215 1150 2269 flne
1169 2216 1250 2269 huius
1269 2214 1459 2268 commentarii
1479 2214 1536 2269 dixi
1555 2214 1623 2283 ρίί.
