3459 5200
971 367 1012 430 ‘18

373 559 591 646 producere
615 560 766 626 omuino
790 560 1008 627 noluerunt
1045 561 1083 624 Iu
1109 558 1332 644 christophori
1355 558 1412 642 qui
1434 566 1625 644 supersunt

376 666 523 733 versibus
546 667 629 733 haec
650 667 704 732 lex
727 666 851 732 violata
874 686 939 731 non
964 673 1029 744 est3
1052 667 1203 750 neglecta
1227 685 1301 733 esse
1321 662 1455 730 videtur

791 809 816 872 Ι.
863 807 976 894 Apud
998 808 1205 891 Ignatium:

464 916 552 981 Tetr.
577 918 630 1001 38,
655 917 676 982 2
699 915 818 1003 μὺρμηέ
843 915 867 980 δ’
883 913 992 1002 ἔφησε·
1015 915 1049 980 τί
1070 919 1179 1000 θέρως
1201 912 1284 987 ὄντος
1306 915 1412 999 ἔδραςς

375 1021 443 1088 Sed
465 1022 550 1087 huuc
572 1041 700 1088 versum
724 1028 910 1107 corruptum
934 1040 1009 1088 esse
1040 1021 1247 1104 cognoscitur
1273 1021 1385 1104 quinta
1413 1020 1490 1086 eius
1520 1019 1623 1087 sede:

376 1149 500 1213 vorsus,
525 1148 618 1213 quem
643 1129 782 1194 coniecit
804 1128 940 1194 Mueller

536 1236 655 1324 μὺρμηξ
679 1233 705 1300 δ’
721 1238 794 1323 ἔφη·
818 1241 847 1300 ct
870 1237 908 1322 δὴ
931 1239 1037 1320 θὲροος
1060 1233 1149 1308 ὄντος
1171 1231 1198 1315 γ’
1214 1236 1318 1320 theoct

238 1393 246 1410 .
374 1362 514 1411 caesura
536 1343 677 1424 laborat,
702 1342 741 1408 cf.
767 1340 988 1426 Appendicem
1011 1341 1086 1422 115
1110 1344 1140 1408 8.

776 1485 817 1550 Il.
866 1483 976 1569 Apud
1000 1482 1271 1549 Theodosium:

463 1596 495 1677 4,
520 1594 563 1660 55
587 1595 623 1658 οὺ
646 1593 677 1656 δὲ
700 1597 865 1679 πρόθυμον,
894 1593 937 1664 ὡς
957 1592 1010 1658 ἑνὶ
1031 1603 1128 1673 πᾶσι,
1151 1591 1232 1656 didon

375 1698 429 1774 ,ἑνὶ
450 1711 537 1765 πᾶσιν
560 1705 617 1764 aut
638 1699 680 1764 ἐνὶ
703 1704 811 1766 παισίν·
842 1699 925 1763 coni.
950 1697 1082 1782 Iacohs,
1112 1696 1172 1764 sed
1199 1697 1258 1762 tali
1281 1695 1473 1762 coniectura
1499 1697 1622 1763 obscu-

227 1805 230 1809 ’
296 1851 298 1856 .
374 1826 445 1871 ‘rum
468 1827 595 1872 versum
620 1805 824 1872 emendatum
849 1825 923 1872 esse
946 1805 1095 1890 equidem
1117 1804 1172 1869 vix
1195 1803 1398 1871 crediderim.

763 1949 820 2013 Ill.
867 1946 977 2032 Apud
1005 1948 1200 2012 Ioannem:

466 2055 604 2121 Ioannes
632 2054 748 2122 finales
782 2055 929 2139 syllabas
962 2054 1191 2120 vocabulorum
1223 2053 1395 2119 liberorum
1427 2053 1485 2120 his
1517 2054 1620 2119 modo

377 2161 532 2228 carminis
556 2161 763 2246 etymologici
787 2161 870 2227 locis
893 2160 1060 2246 produxit:

465 2268 570 2352 Etym.
594 2271 614 2336 8
638 2267 693 2349 (de
715 2268 850 2334 vocibus
874 2267 1011 2356 Σεραφίμ
1033 2274 1066 2332 et
1088 2266 1266 2354 Xepoolitplz

537 2373 576 2440 ὧν
600 2378 642 2440 τὰ
666 2373 822 2462 ,Σεραφὶμ
846 2379 900 2439 καὶ
923 2373 1090 2461 ,Χερουβὶμ
1115 2373 1143 2439 ol
1165 2380 1248 2439 πάνυ.

374 2481 491 2547 Talem
519 2480 762 2567 productionem
791 2501 855 2546 uou
884 2480 1080 2560 admisisset,
1110 2481 1173 2546 uisi
1199 2480 1348 2545 voculam
1375 2484 1414 2545 τὰ
1442 2480 1617 2565 exciperet

375 2610 440 2655 vox
463 2587 504 2654 de
528 2609 592 2673 qua
615 2589 723 2673 agitur
746 2587 891 2677 Σεραφὶμ.

464 2713 569 2798 Etym.
593 2715 655 2781 108
679 2713 734 2791 (de
757 2733 838 2779 voce
861 2712 1017 2801 ἑβδομάς);

537 2818 654 2904 ,ἑπτὰι
679 2822 711 2884 δὲ
734 2824 872 2905 ,οεπτοὶςι
896 2818 945 2886 οἷα
969 2824 1088 2907 ,σεμνὴι
1112 2824 1274 2905 παρθένος,

537 2926 575 3014 ῆς
598 2926 757 3014 ,ἑβδομὰς6
781 2932 869 3011 γόνος
891 2952 933 3001 τις
955 2924 1160 3013 εὐλογημένος.

377 3033 589 3099 Excusatioui
613 3042 672 3118 est,
696 3033 784 3117 quod
807 3035 926 3099 vocula
941 3032 1019 3100 ἑπτά
1034 3034 1260 3117 originatiouis
1275 3030 1495 3118 explicandae
1510 3052 1614 3099 causa

375 3146 535 3225 usurpata
558 3146 618 3206 cst.

466 3245 781 3313 Animadvertendus
805 3253 855 3313 est
877 3267 991 3313 versus

466 3356 520 3437 30,
543 3356 587 3420 42
611 3358 672 3442 plu
695 3378 744 3429 τις
767 3353 808 3427 ὡς
832 3356 912 3420 ἔοικε
933 3364 984 3419 τοῦ
1006 3364 1103 3420 κοινοῦ
1127 3357 1217 3427 thee

376 3460 517 3527 Voculas
541 3466 594 3547 μία
617 3484 660 3535 τις
684 3481 768 3544 quae
791 3468 929 3527 accentu
946 3460 1159 3544 grammatico
1179 3468 1251 3527 arte
1270 3460 1446 3525 cohaerent
1465 3458 1612 3525 Ioannes

376 3568 473 3633 unius
496 3567 657 3652 vocabuli,
687 3588 749 3651 quo
775 3566 913 3633 efficitur
935 3588 995 3653 pes
1019 3567 1210 3651 tribrachys,
1239 3566 1310 3631 loco
1337 3564 1466 3646 habuit,
1496 3567 1611 3649 itaque

378 3672 517 3739 mediam
541 3673 699 3759 syllabam
724 3673 902 3741 secundum
928 3695 1000 3741 eam
1024 3695 1120 3758 quam
1145 3693 1244 3759 supra
1268 3670 1477 3757 exposuimus
1502 3672 1610 3756 legens

377 3779 537 3865 produxit.

466 3977 580 4041 Restat
615 3982 650 4041 ut
687 3976 728 4042 do
765 3976 968 4061 longarum
1004 3976 1197 4042 vocalium
1237 3981 1319 4036 All
1357 3977 1609 4060 correptione

375 4103 485 4165 agam.
521 4083 657 4148 Perrnro
680 4082 839 4167 Ignatius,
863 4083 1079 4168 Theodosius,
1104 4081 1363 4168 Christophorus,
1387 4083 1530 4149 Ioannes
1554 4104 1608 4149 vo-

376 4188 467 4255 cales
491 4194 582 4274 Alt,
607 4209 691 4273 quae
714 4188 822 4256 insunt
846 4190 895 4256 cis
918 4189 1086 4255 vocabulis
1110 4190 1226 4273 quihus
1255 4188 1393 4256 efficitur
1419 4209 1480 4273 pes
1512 4212 1608 4275 spou-

374 4294 458 4362 deus
482 4296 742 4381 corripuerunt,¹)
766 4297 899 4381 saepius
923 4296 955 4361 iu
980 4297 1029 4362 eis
1051 4296 1219 4363 vocabulis
1242 4314 1326 4379 quae
1348 4296 1528 4364 molossum
1553 4315 1608 4366 aut

377 4458 559 4465 ——.---.
579 4460 589 4467 ..

468 4542 489 4612 ¹]
517 4545 556 4599 cf.
572 4545 665 4615 Ignat.
679 4546 827 4610 tetr.15‚4
845 4542 955 4616 δράοεκ,
974 4548 1004 4601 in
1023 4546 1120 4601 Adam.
1132 4546 1183 4601 139
1202 4543 1283 4608 λύπας
1311 4547 1363 4601 140
1379 4544 1484 4614 λύπαις
1505 4550 1608 4607 Theod

379 4636 402 4698 1,
418 4633 452 4689 29
470 4632 568 4703 κρατὴρ
595 4635 621 4700 4,
641 4634 659 4688 4
676 4639 793 4704 κρυμοῖς
812 4636 886 4691 loau.
906 4637 949 4701 st,
969 4637 1003 4690 93
1023 4632 1109 4705 lippit
1137 4636 1227 4701 92,12
1244 4632 1335 4705 ordor,
1355 4640 1441 4705 etym.
1456 4637 1492 4692 ra
1512 4636 1609 4708 βρίθων
