3459 5200
625 525 824 622 Art.-

141 731 279 811 „duas“,
302 753 378 798 curn
395 733 430 798 in
449 734 523 816 ipso
539 733 596 799 illo
619 733 827 815 grammatici
845 733 1057 800 ratiocinatio
1079 734 1310 818 perspiciatur,

142 834 210 917 qui,
232 838 413 920 postquam
435 855 455 900 a
478 835 684 900 carminibus
705 834 789 900 κατὰ
810 832 922 922 τριάδα
946 838 1142 920 compositis
1165 839 1310 922 epodum

141 939 303 1022 dempsit,
333 940 468 1006 residua
498 959 573 1005 esse
597 939 727 1004 censuit
751 941 916 1020 carmina,
946 942 981 1004 in
1009 940 1129 1024 quibus
1158 962 1244 1022 non,
1273 946 1311 1008 ut

139 1044 175 1106 in
199 1043 329 1122 ceteris,
351 1049 430 1127 post
447 1043 545 1108 binas
565 1042 721 1126 strophas
741 1043 926 1126 aequalitas
942 1043 1051 1127 epodo
1068 1045 1310 1111 interveniente

139 1145 448 1229 interrumperetur.
495 1146 675 1212 Artissima
698 1148 899 1229 cognatione
921 1147 977 1211 hic
998 1148 1092 1212 locus
1119 1149 1310 1215 continetur

139 1268 216 1314 cum
250 1250 345 1316 Caes.
379 1251 475 1316 Bass.
508 1270 540 1333 p.
571 1250 644 1330 266,
674 1250 897 1329 26-267,h
925 1255 959 1315 et
984 1251 1042 1316 Ar.
1066 1250 1179 1329 Quint.
1200 1271 1233 1334 p.
1256 1253 1308 1343 37ι

142 1353 275 1430 12-13,
298 1373 406 1436 aquo
430 1373 504 1420 cum
528 1357 834 1419 commemorentur
856 1352 967 1438 διμερῆ
991 1359 1025 1420 et
1046 1354 1185 1440 τριμερῆ,
1210 1355 1308 1420 facile

138 1457 324 1524 conieceris
345 1457 581 1539 Aphthonium
610 1476 680 1522 non
709 1457 782 1540 ipso
812 1458 947 1535 Caesio,
983 1457 1042 1522 sed
1071 1459 1143 1524 eius
1171 1463 1308 1525 auctore

137 1580 237 1626 usum
260 1580 344 1640 esse,
368 1579 409 1624 ex
432 1580 497 1643 quo
525 1561 626 1626 etiam
653 1561 757 1626 verba
784 1580 817 1643 p.
839 1562 892 1640 59,
916 1562 934 1625 7
965 1561 1090 1640 „duas
1122 1561 1307 1645 periodos“

138 1663 348 1730 derivaverit.
394 1664 443 1730 Cl.
467 1663 568 1729 etiam
590 1665 631 1728 ls.
655 1666 766 1729 Tzetz.
790 1665 811 1728 l.
836 1683 863 1729 c.
886 1685 919 1748 p.
943 1664 994 1743 65,
1019 1665 1068 1729 16.
1092 1665 1143 1744 73,
1165 1663 1195 1728 2.

222 1767 260 1830 ln
280 1768 491 1850 paragrapho
515 1769 705 1859 insequenti
729 1768 774 1850 (p.
797 1769 848 1846 59,
872 1768 1006 1850 8-ess)‚
1035 1768 1164 1851 quade
1187 1769 1307 1834 carmi·

136 1870 237 1936 nibus
259 1866 342 1934 κατὰ
362 1865 536 1954 capraccia
558 1872 679 1952 agitur,
701 1870 827 1936 Keilius
852 1875 947 1935 caute
969 1891 1138 1953 perpauca
1157 1871 1306 1948 mutavit,

137 1973 199 2040 sed
221 1993 339 2040 vereor
366 1979 403 2040 ut
432 1975 608 2058 quisquam
643 1994 685 2040 ex
718 1973 802 2056 ipsis
836 1978 948 2039 textus
977 1973 1087 2039 verbis
1110 1979 1144 2040 et
1165 1974 1306 2039 adnota-

134 2077 286 2143 tionibus
316 2078 346 2142 ei
376 2077 562 2144 subiunctis
589 2078 776 2160 Aphthonii
802 2077 855 2142 vel
889 2077 960 2142 eius
989 2095 1089 2160 quem
1115 2078 1307 2160 compilavit

136 2181 285 2248 auctoris
320 2179 523 2246 sententiam
556 2179 694 2262 aperiat.
750 2179 982 2246 Thiemannus
1020 2180 1183 2246 nonnulla
1215 2186 1306 2247 recte

134 2284 319 2367 perspexit,
342 2283 403 2349 sed
425 2284 522 2366 plura
544 2283 756 2348 artificiosius
780 2283 971 2349 emendavit
998 2285 1050 2348 vel
1079 2285 1114 2349 in
1137 2284 1305 2366 margines

134 2387 312 2469 ablegavit,
336 2407 437 2470 quam
459 2390 497 2452 ut
523 2386 734 2452 coniecturae
764 2387 835 2452 eius
869 2390 967 2468 aptae
1001 2388 1069 2452 sint
1096 2388 1139 2452 ad
1167 2407 1305 2470 persua·

134 2491 293 2557 dendum.
338 2491 463 2556 Caesar
489 2509 558 2555 non
585 2509 693 2572 pauca
721 2489 877 2556 licentius
911 2491 1066 2570 mutavit,
1100 2491 1167 2556 alia
1193 2495 1304 2557 trans·

133 2594 258 2679 posuit,
280 2595 347 2661 alia
369 2593 501 2674 delevit,
524 2614 590 2679 qua
611 2593 665 2659 via
687 2594 796 2659 effecit
823 2594 1089 2674 enarrationem,
1118 2615 1203 2679 quae
1231 2594 1305 2678 ipsa

134 2699 258 2765 obruta
280 2703 333 2763 est
355 2698 601 2763 offensionibus
625 2698 780 2780 expeditu
810 2697 1015 2763 difficillimis
1043 2702 1077 2763 et
1105 2717 1126 2762 a
1151 2699 1304 2765 codicum

134 2802 299 2867 memoria
327 2806 396 2866 tam
424 2802 523 2885 longe
556 2802 663 2883 abest,
696 2806 733 2866 ut
766 2800 1048 2884 quemadmodum
1074 2803 1158 2867 haec
1184 2822 1224 2867 ex
1247 2802 1305 2867 illa

132 2908 210 2970 orta
233 2904 276 2969 sit
299 2922 399 2971 nemo
421 2906 530 2987 possit
552 2906 729 2987 explicare.
766 2904 885 2969 Hensii
902 2924 1034 2987 quoque
1049 2904 1302 2970 emendationes

132 3008 235 3072 nimis
258 3009 357 3090 longe
379 3028 399 3073 a
421 3008 532 3073 verbis
556 3007 689 3073 traditis
719 3007 898 3085 recedunt,
931 3028 1031 3090 quam
1057 3012 1095 3072 ut
1121 3028 1179 3073 eas
1205 3009 1303 3073 unice

131 3130 231 3177 veras
254 3131 330 3177 esse
353 3112 461 3195 quivis
485 3112 550 3177 sibi
578 3110 789 3193 persuadeat.
846 3111 938 3175 Haec
972 3111 1138 3176 sufficiant
1166 3111 1202 3176 in
1228 3112 1303 3178 uni·

130 3232 268 3279 versum
302 3214 344 3279 de
378 3214 511 3279 illorum
545 3214 720 3279 hominum
754 3214 930 3278 doctorum
966 3214 1181 3294 commentis,
1217 3236 1303 3299 quae

130 3317 329 3400 singillatim
362 3318 561 3400 redarguere
597 3322 630 3383 et
658 3318 771 3399 magni
802 3322 854 3381 est
883 3317 1008 3382 laboris
1043 3320 1076 3382 et
1104 3337 1302 3400 supervaca-

130 3442 245 3487 neum.
290 3422 397 3504 Spero
427 3422 517 3487 enim
545 3422 616 3487 lore
648 3425 687 3485 ut
719 3421 812 3504 ipsae
841 3424 1009 3499 corruant,
1037 3420 1096 3485 ubi
1128 3442 1202 3487 eam
1224 3442 1301 3489 sen·

129 3526 284 3603 tentiam,
319 3544 418 3607 quam
450 3544 563 3589 reram
594 3545 669 3589 esse
698 3544 832 3602 censeo,
858 3523 1041 3606 protulero.
1085 3527 1133 3589 Ac
1155 3526 1302 3608 primum

129 3630 267 3713 quidem
285 3626 376 3693 nulla
392 3632 443 3693 est
459 3628 632 3706 dubitatio,
653 3628 732 3711 quin
755 3626 937 3693 enuntiatis
958 3648 989 3709 p.
1009 3628 1060 3707 59,
1081 3628 1220 3693 182-23:
1244 3630 1301 3708 „Si

128 3732 267 3817 quidem
291 3731 428 3797 inducta
454 3732 563 3814 prima
592 3732 730 3814 strophe
759 3736 792 3795 et
819 3731 1033 3813 antistropha
1062 3752 1178 3796 rursus
1200 3732 1300 3799 aliam

128 3837 296 3919 strophen
314 3840 349 3900 et
364 3836 603 3918 antistrophon
624 3835 905 3919 praecedentibus
927 3834 1126 3899 dissimilem
1146 3835 1301 3901 adferant

127 3945 163 4005 et
179 3957 296 4004 rursus
312 3938 445 4003 tertiam
468 3938 528 4019 (sc.
552 3939 714 4021 strophen
737 3942 770 4003 et
793 3937 1044 4019 antistrophon)
1067 3937 1151 4001 nihil
1169 3938 1299 4003 duabus

127 4041 369 4127 praeeuntibus
394 4042 538 4108 similem
562 4045 595 4106 et
618 4047 770 4123 quartam
801 4040 860 4121 (sc.
885 4041 1049 4122 strophen
1079 4045 1111 4104 et
1138 4041 1299 4106 antistro-

125 4148 236 4231 phon)
259 4164 363 4229 aeque
385 4166 406 4209 a
429 4145 549 4210 ceteris
571 4145 827 4227 discrepantem.
851 4143 904 4209 cui
920 4142 1072 4208 varietati
1092 4144 1202 4208 solent
1217 4144 1298 4209 illud

124 4248 322 4330 adiungere,
344 4253 380 4314 ut
401 4252 574 4331 postrema
596 4246 671 4331 (lege
686 4248 873 4330 postremo)
894 4246 1023 4328 epodos
1046 4246 1175 4310 cunctis
1198 4247 1298 4312 dissi·

124 4352 219 4418 milis
235 4352 414 4435 aliquando
430 4353 595 4435 iungatur,
612 4352 701 4436 quod
713 4371 782 4416 non
794 4355 925 4417 tantum
941 4350 1069 4432 tragici,
1086 4348 1191 4415 sedet
1206 4350 1297 4432 lyrici
1431 4396 1438 4405 -

124 4460 283 4521 auctores
301 4456 335 4520 in
351 4456 468 4538 epodis
487 4476 587 4538 saepe
605 4456 786 4534 lecerunt,“
803 4456 887 4520 haec
904 4452 1159 4536 compositionis
1175 4473 1298 4535 genera

124 4559 212 4625 satis
224 4560 418 4642 pervulgata
429 4560 677 4626 describantur:
692 4560 750 4625 ΑΑ
764 4560 818 4625 BB
832 4560 884 4625 CC
893 4609 900 4623 .
909 4608 916 4621 .
926 4608 949 4623 ..
962 4562 996 4623 et
1007 4558 1065 4621 ΑΛ
1077 4556 1133 4621 ΒΒ
1146 4556 1244 4622 CC...
1258 4557 1297 4621 D.
