3459 5200
706 490 749 555 25

117 685 219 772 primo
244 693 385 772 coactns,
415 707 490 752 mox
516 686 601 752 velle
628 690 788 772 merculana,
820 709 879 772 quo
905 690 979 772 ptos
1010 691 1200 753 auctoritatis
1230 690 1340 752 inesset

117 797 262 876 condire,
288 793 317 860 si
340 792 457 861 seditio
481 793 672 862 mitesceret.

203 902 241 966 Τ.
266 901 350 969 Hist.
379 902 463 970 158.
488 903 524 968 3:
553 901 724 968 saevitiam
753 900 891 966 militum
921 901 1094 986 plerosque
1126 901 1170 967 ad
1201 921 1339 987 poenam

116 1008 359 1093 exposcentium
391 1007 523 1094 saepius
556 1006 716 1093 adprobat
744 1009 803 1092 (sc.
826 1007 1009 1094 ,Vitelliusq
1041 1029 1114 1074 raro
1146 1011 1341 1075 simabutioae

117 1115 317 1182 vinculorum
339 1119 526 1200 frustratur.
582 1115 756 1200 Pompeius
787 1114 991 1202 Propinquus
1018 1122 1208 1201 procurator
1234 1115 1340 1200 Belgi·

116 1243 172 1290 eae
210 1222 321 1290 statim
357 1221 561 1305 interiectum
599 1221 715 1288 lulium
753 1221 937 1288 Burdonem
974 1222 1190 1288 Germanicae
1222 1221 1340 1291 classis

115 1328 316 1416 praefectum
339 1335 412 1397 astu
436 1329 603 1395 subtraxit.
629 1337 796 1396 exarserat
818 1329 851 1394 in
882 1349 955 1395 eum
982 1333 1144 1396 ircaradia
1172 1331 1341 1416 exercitus,

116 1443 282 1521 tamqnam
312 1435 433 1502 crimen
466 1457 506 1503 ac
537 1457 610 1502 mcx
642 1435 779 1504 insidias
811 1436 946 1503 Fonteio
978 1436 1127 1522 Capitoni
1158 1436 1340 1506 struxisset.

114 1551 208 1628 grata
231 1550 305 1610 eret
327 1543 481 1611 memoria
496 1543 673 1628 Capitonis,
685 1550 721 1609 et
740 1542 828 1629 apud
849 1543 1033 1610 saevientes
1052 1544 1201 1610 occidere
1219 1544 1338 1630 palam,

113 1651 282 1734 ignoscere
306 1671 370 1716 nnn
392 1651 455 1717 nisi
471 1653 612 1736 saltenda
630 1650 765 1716 licebat:
785 1650 831 1715 ita
851 1651 884 1715 in
903 1650 1054 1718 custodia
1073 1650 1202 1718 babitus
1217 1661 1250 1720 et
1267 1659 1341 1738 post

113 1758 282 1826 victoriam
307 1757 446 1840 demum,
471 1756 595 1826 sedatis
618 1757 684 1824 ianr
706 1757 842 1824 militnm
866 1758 960 1844 odiis,
983 1759 1136 1826 dimissus
1160 1766 1219 1827 est.

200 1973 239 2042 Τ.
269 1972 355 2040 Hist.
379 1971 462 2040 111.
490 1977 525 2040 l:
560 1970 644 2037 Otho
677 1971 805 2038 interim
838 1980 950 2038 contra
982 1993 1073 2058 spem
1105 1972 1244 2038 omnium
1277 1994 1341 2040 non

117 2079 242 2146 deliciis
266 2099 372 2162 neque
396 2078 524 2145 desidia
547 2086 747 2164 torpescere:
772 2077 895 2146 dilatae
918 2080 1111 2164 voluptates,
1134 2079 1341 2146 dissimulata

113 2186 239 2252 luxuria
263 2193 297 2253 et
319 2192 436 2268 cuneta
458 2186 501 2252 ad
525 2185 674 2252 decorem
697 2186 824 2271 imperii
848 2187 1042 2272 composita,
1063 2207 1166 2270 eoque
1185 2186 1259 2273 plns
1279 2187 1340 2252 for·

119 2293 248 2361 midinis
272 2293 465 2361 adserebant
487 2293 593 2361 falsae
616 2293 749 2362 virtutes
773 2301 806 2360 et
829 2297 902 2359 nitio
924 2297 1071 2360 redituro.

202 2401 236 2469 S.
267 2401 327 2492 Ep.
357 2403 410 2468 95.
435 2403 470 2467 3:
503 2421 563 2467 nec
594 2401 695 2467 ullum
726 2407 852 2488 tempus
885 2399 1100 2484 adgrediendi
1132 2400 1193 2466 init
1225 2401 1341 2468 melius

116 2528 209 2591 quam
242 2507 315 2584 boc,
352 2506 427 2573 dnm
460 2507 690 2593 interquiescit,
723 2507 797 2573 dum
830 2507 1000 2574 emendato
1029 2507 1145 2574 similis
1174 2515 1234 2575 est.
1265 2507 1341 2576 aliis

117 2615 196 2681 baec
220 2616 418 2683 intermissio
443 2617 512 2683 eins
536 2616 692 2703 inposuit:
713 2616 791 2682 mibi
808 2617 909 2683 rerba
927 2637 991 2682 non
1011 2614 1078 2686 dat.
1103 2623 1254 2702 exspecto
1269 2637 1340 2683 cum

114 2744 230 2807 magno
257 2722 389 2789 faenore
412 2728 486 2790 nitio
507 2727 655 2807 redituro,
680 2744 765 2809 qnae
784 2744 869 2790 nunc
887 2724 955 2789 scio
975 2744 1114 2809 cessare,
1134 2744 1198 2788 non
1216 2723 1341 2791 deesse.

115 2828 153 2896 de
181 2838 287 2915 tranq.
316 2852 369 2899 an.
399 2832 463 2899 ll:
494 2831 654 2915 quaedam
687 2834 784 2913 (vitia)
818 2851 881 2896 non
910 2830 1061 2897 continua
1090 2830 1147 2899 sed
1177 2852 1218 2897 ex
1244 2831 1340 2897 inter-

113 2937 207 3005 vallis
231 2941 401 3003 redeuntia.

203 3154 245 3222 T.
274 3152 357 3221 Hist.
386 3152 503 3221 11149.
532 3156 568 3220 2:
603 3154 729 3221 Primus
762 3152 921 3219 Antonius
953 3174 1157 3237 nequaqnam
1189 3153 1262 3239 pari
1294 3154 1339 3219 in-

116 3260 268 3327 nocentia
290 3266 365 3345 post
389 3260 579 3326 Cremonam
602 3261 736 3345 agebat,
765 3261 845 3327 satis
869 3260 989 3326 iactum
1012 3260 1098 3325 bello
1121 3266 1211 3327 ratus
1235 3267 1267 3327 et
1290 3281 1340 3327 ce·

116 3372 184 3433 tera
208 3389 251 3434 ex
275 3366 373 3452 facili,
407 3387 464 3434 seu
486 3371 623 3452 felicitae
650 3366 683 3433 in
712 3368 770 3432 tali
798 3367 928 3451 ingenio
960 3372 1124 3435 avaritiam
1156 3369 1340 3453 superbiam

114 3483 270 3561 ceteraque
292 3478 409 3541 marita
431 3478 515 3542 mola
532 3480 686 3560 patefecit.

203 3583 239 3651 S.
258 3582 319 3668 Ep.
339 3585 392 3651 42.
408 3585 444 3650 3:
467 3582 647 3666 Multorum,
671 3583 747 3665 qnia
771 3582 924 3649 inbecilla
948 3589 1031 3667 snut,
1056 3586 1149 3648 lateat
1170 3586 1252 3665 vitia,
1276 3602 1340 3647 non

117 3689 221 3757 miuus
247 3710 376 3774 ausura,
400 3710 472 3755 cum
495 3688 561 3755 illis
584 3689 670 3757 vires
694 3710 773 3757 suae
806 3689 997 3775 placuerint,
1029 3710 1125 3773 quam
1158 3688 1224 3774 illa,
1256 3709 1341 3773 qnae

115 3794 178 3860 iam
200 3798 340 3881 solicitas
366 3800 496 3881 apernit.
525 3798 737 3864 instrumenta
766 3796 832 3863 illis
860 3796 1076 3883 explicandae
1099 3797 1262 3881 nequitiae
1286 3795 1341 3862 de-

116 3910 196 3971 suut.
242 3902 301 3987 Ep.
324 3906 377 3972 56.
405 3906 463 3969 10:
486 3902 528 3968 Et
555 3907 719 3970 auaritiam
747 3904 857 3988 itaque
886 3912 918 3971 et
946 3904 1154 3971 ambitionem
1185 3913 1214 3971 et
1239 3916 1341 3972 cetera

117 4013 198 4076 mala
229 4010 345 4076 mentis
374 4009 533 4076 humanae
562 4018 638 4076 tnnc
668 4010 943 4096 perniciosissima
972 4011 1059 4079 scias
1087 4032 1169 4098 esse,
1198 4032 1270 4078 cum
1298 4012 1337 4076 si·

118 4115 238 4183 mulcta
262 4117 403 4184 sanitate
427 4116 605 4186 subsidunt.

204 4331 539 4400 u.flin.11156.11:
563 4354 638 4398 nam
663 4353 735 4398 cnm
759 4333 943 4418 transgredi
966 4334 1191 4420 Appenninum
1214 4333 1340 4417 integro

121 4437 278 4505 exercitus
302 4440 352 4506 sni
375 4440 490 4506 robore
514 4447 546 4505 et
569 4440 674 4508 fessos
697 4440 802 4507 hieme
825 4449 924 4525 atque
942 4440 1053 4526 inopia
1073 4442 1183 4507 bostes
1202 4440 1340 4524 adgredi

118 4542 285 4631 inaperta
316 4547 411 4634 soret,
439 4546 515 4614 dnm
544 4547 703 4633 dispergit
736 4553 794 4631 (sc.
825 4548 989 4633 Vitellius)
1021 4548 1116 4632 vires,
1149 4548 1340 4615 acerrimum

120 4650 247 4736 militem
271 4661 304 4721 et
326 4675 429 4739 usque
451 4655 485 4721 in
509 4662 652 4721 extrema
672 4655 869 4721 obstinatum
889 4654 1115 4721 trucidandum
1133 4656 1340 4741 capiendum-

120 4778 182 4841 que
204 4760 345 4849 tradidit,
367 4760 572 4849 peritissimis
598 4762 819 4829 centurionum
842 4762 1111 4830 dissentientibus
1142 4769 1183 4849 et,
1210 4764 1239 4831 si
1266 4784 1339 4831 con·
