3459 5200
742 386 879 483 [¹.ss-

166 595 234 673 illa,
268 614 368 677 quarn
393 613 468 659 cum
492 595 548 659 alii
572 594 666 659 multi
691 600 761 661 tum
785 594 875 660 haud
898 615 974 660 raro
997 601 1164 662 memorat
1187 597 1303 662 Cicero
1327 597 1389 678 (or.

166 706 271 773 11155
294 706 395 772 Tusc.
419 706 495 772 lV5
519 706 561 772 ad
575 707 643 772 Att.
659 707 717 771 XII
731 707 828 790 233).
867 707 1112 774 Clitomachum
1136 713 1247 774 autem
1271 711 1389 776 eodem

167 820 297 886 honore
320 820 477 885 affectum
501 840 576 887 esse
603 840 770 903 nusquam
800 820 890 903 quod
918 821 1023 886 sciam
1050 820 1185 903 legitur3
1220 825 1280 887 sed
1314 843 1389 888 cum

169 934 302 1015 saepius
325 952 346 998 a
368 932 531 999 Cicerone
556 933 654 998 simul
679 954 754 998 cum
778 932 951 998 Carneade
974 934 1167 999 nominetur
1195 934 1257 1016 (or.
1281 936 1319 1001 51
1346 936 1387 1000 de

168 1064 216 1110 or.
239 1045 315 1111 145
342 1046 447 1112 Acad.
475 1046 501 1110 lI
528 1046 592 1129 78),
626 1046 703 1110 talis
733 1046 797 1111 loci
825 1065 955 1111 memor
983 1047 1204 1129 Symmachus
1233 1048 1390 1129 opinatus

169 1177 244 1222 esse
263 1158 395 1223 videtur
416 1161 594 1241 utrumque
618 1159 660 1223 ab
682 1159 946 1223 Atheniensibus
968 1158 1113 1223 Romam
1136 1160 1281 1242 legatum
1304 1180 1389 1225 esse.

169 1270 218 1337 Cf.
235 1270 336 1335 Acad.
353 1271 380 1335 ΙΙ
398 1272 471 1336 137:
494 1268 554 1354 lepi
568 1268 655 1353 opaci
672 1266 914 1349 Clitomachum,
937 1291 1010 1334 crin
1027 1269 1206 1336 Carneades
1220 1276 1251 1335 et
1267 1268 1392 1336 Stoicam

168 1378 325 1466 Dioqcnes
346 1380 389 1446 ad
409 1385 556 1447 serratum
577 1380 614 1445 in
639 1379 790 1465 Capitolio
811 1386 935 1447 starent
957 1386 990 1447 et
1006 1384 1107 1450 Tusc.
1123 1384 1164 1449 Ill
1181 1385 1237 1450 54:
1260 1382 1392 1469 lepinirn

170 1492 285 1558 libram
311 1492 514 1574 Clitomachi,
541 1512 632 1577 quem
660 1492 711 1559 ille
738 1514 843 1559 everso
865 1493 1069 1579 Kurtlutpine
1095 1494 1185 1561 misit
1209 1495 1392 1561 consobmdi

170 1626 268 1672 caiisa
283 1606 325 1671 ud
346 1605 482 1689 captivos
503 1606 583 1671 cives
604 1627 685 1671 suos.
721 1605 759 1671 in
781 1626 814 1671 eo
828 1611 874 1671 est
888 1606 1059 1691 disptitatio
1072 1608 1191 1691 scripitu
1208 1607 1391 1674 Carneadis.

171 1718 220 1783 Ex
244 1720 309 1784 hoc
341 1718 446 1798 loco¹)
469 1718 615 1783 Poenum
636 1719 768 1785 videtur
789 1720 946 1785 hausisse
969 1722 1199 1803 Symmachus.
1245 1722 1313 1789 Sed
1334 1724 1392 1788 ubi

173 1832 291 1915 legerit
325 1833 504 1897 Zaleucum
538 1852 557 1897 a
590 1832 753 1897 Romanis
788 1832 922 1899 civitate
960 1834 1120 1899 donatum
1156 1854 1231 1899 esse
1266 1834 1391 1900 nescio.

82 1934 87 1943 ’
172 1944 327 2009 Forsitan
362 1944 452 2027 quod
486 1943 526 2009 de
554 1945 743 2028 Pythagora
774 1946 970 2010 tradebatur
1003 1945 1102 2027 (Plut.
1131 1946 1227 2011 Num.
1251 1947 1284 2030 8)
1317 1967 1393 2030 per·

170 2078 285 2141 peram
314 2058 357 2123 ad
380 2058 559 2124 Zaleucum
587 2058 812 2134 transtulerit;
848 2057 1003 2126 similiter
1032 2058 1158 2124 iudicat
1184 2059 1391 2137 Comacinus,

174 2171 336 2237 Zaleukos
361 2170 561 2236 Charondas
585 2172 802 2253 Pythagorae,
826 2172 926 2237 Basel
951 2169 1032 2237 1858
1054 2192 1087 2254 p.
1110 2170 1163 2237 65.

258 2284 355 2349 Haud
377 2283 419 2347 ab
444 2304 479 2348 re
502 2284 565 2347 erit
588 2282 687 2348 etiam
713 2284 796 2348 haec
819 2283 982 2349 hocloco
1007 2302 1287 2349 commemorare:

174 2398 187 2460 l
208 2397 260 2475 45,
284 2398 319 2461 2:
349 2392 480 2459 memini
501 2393 731 2459 brevitatem
747 2392 985 2477 Spartanum
1006 2394 1095 2460 luridi
1109 2392 1397 2478 priondnmfuissa·

237 2506 291 2573 sed
312 2528 365 2592 epo
380 2506 537 2573 Rnnonis
559 2511 660 2571 tecum
682 2506 799 2591 lcpilnis
819 2526 878 2591 apo
899 2506 979 2571 etsi
1000 2506 1047 2572 itu
1068 2506 1117 2572 vis
1130 2506 1261 2585 Attins3
1283 2506 1396 2588 parabus

193 2683 194 2688 ,
239 2625 366 2686 tanturn
381 2621 474 2685 deciis
495 2642 515 2686 a
535 2619 691 2702 facundia
712 2620 786 2703 fuit,
810 2625 848 2686 nt
868 2620 949 2684 milii
963 2619 1135 2685 sileantur
1149 2620 1291 2685 Lacones
1311 2625 1397 2684 nictu

240 2732 414 2799 collationis
440 2732 478 2797 in
505 2731 664 2798 eliensem
691 2733 799 2798 studio
826 2731 1008 2797 destinasse.
1059 2734 1184 2812 Ital:
1221 2731 1398 2798 Lacon-icae

239 2844 319 2912 nato
341 2845 466 2910 studere
487 2843 640 2910 brevitati.
675 2847 716 2911 Ill
733 2847 819 2925 11‚1:
843 2845 944 2909 deesse
965 2843 1040 2909 haic
1061 2843 1212 2927 cyristrilue
1225 2844 1397 2909 Atticam

239 2957 455 3025 sanitatem
477 2957 550 3022 boni
572 2957 706 3024 connecte.
741 2961 769 3022 V
791 2960 831 3023 37
841 2981 847 3021 :
882 2957 1003 3023 litterae
1026 2961 1100 3022 triae
1115 2955 1277 3040 Spurtm
1299 2956 1396 3022 bresi-

241 3075 304 3136 tate
324 3069 500 3136 succinctae
521 3075 609 3136 scint.

261 3185 291 3250 A
316 3189 407 3250 certo
431 3189 567 3249 auctore
589 3184 778 3266 profectum
806 3187 925 3265 putare
947 3184 1162 3266 proverbium
1185 3184 1396 3248 tritissimum

177 3317 262 3382 opus
286 3317 355 3363 non
378 3301 438 3361 est.
466 3297 575 3362 Locos
593 3317 610 3360 e
626 3296 753 3362 Latinis
778 3296 1000 3378 scriptoribus
1017 3297 1149 3378 collegit
1167 3297 1258 3375 Otto,
1273 3297 1397 3362 Archiv

180 3412 201 3476 l.
225 3413 280 3476 lat.
303 3410 474 3492 Lexicogr.
502 3409 542 3473 lll
564 3411 636 3474 372.
683 3410 931 3491 Spriehworter
953 3412 1014 3474 der
1035 3411 1161 3474 Romor
1183 3410 1247 3474 206
1270 3429 1319 3492 sq.

181 3541 246 3605 Vlll
277 3540 333 3605 61:
370 3537 490 3622 sarbuti
517 3537 631 3620 qnippe
653 3536 814 3621 prouerbii
840 3541 886 3601 cst
913 3536 1077 3623 enurtipato
1108 3536 1230 3602 Maleo
1257 3536 1401 3603 oblimari

245 3671 353 3716 eorum
374 3649 566 3730 manerium,
589 3670 666 3731 qnos
687 3649 770 3714 domi
792 3648 966 3731 reliqueras.

266 3766 389 3831 Strabo
412 3764 480 3828 Vlll
503 3783 535 3846 p.
558 3765 620 3828 378
644 3765 727 3828 liaeo
750 3769 882 3830 narrat:
913 3761 952 3848 ῆν
974 3761 1113 3848 δ’ὥσπερ
1136 3761 1154 3828 ὁ
1175 3762 1319 3849 πορθμὸς
1342 3761 1401 3828 οὐκ

183 3877 315 3954 statne
338 3873 354 3940 ὁ
378 3875 461 3940 κατὰ
484 3875 540 3960 τήν
563 3873 708 3940 Σικελίαν
730 3873 765 3940 τὸ
787 3873 931 3958 παλαιόν,
959 3874 1040 3941 οὕτω
1061 3874 1178 3940 καὶτὰ
1199 3874 1323 3960 πελάγη
1345 3876 1401 3938 καὶ

182 3987 362 4076 μάλιστατὸ
379 3980 456 4072 ὑπὲρ
468 3986 602 4052 Μαλεῶν
617 3986 668 4052 διὰ
678 3988 734 4072 τῆς
750 3985 932 4070 ἀντιπνοίαις,
949 3983 1000 4071 ἀφ’
1017 3987 1054 4051 οὔ
1069 3989 1124 4052 καὶ
1137 3986 1400 4073 παροιμιάζονται·

267 4100 397 4178 Μαλέας
420 4101 455 4164 δὲ
484 4097 613 4186 κάμψας
641 4098 793 4164 ἐπιλάθου
816 4104 877 4165 τῶν
899 4101 1017 4166 οἴκαδε.

268 4217 350 4281 Cum
367 4214 455 4296 apud
471 4213 573 4279 alium
590 4214 789 4295 scriptorem
804 4213 904 4279 huius
919 4213 1088 4296 proverbii
1111 4215 1240 4278 mentio
1262 4213 1405 4277 nuntiat

182 4329 275 4412 (Otto
299 4329 320 4392 l.
344 4347 371 4392 c.
394 4347 427 4408 p.
443 4327 530 4410 380),
553 4326 739 4409 putaverim
762 4326 1000 4409 Symmachum
1015 4327 1230 4409 proverbium
1246 4345 1402 4406 graecum

184 4441 353 4522 cognitum
369 4439 538 4516 habuisse,
563 4438 622 4502 sed
638 4439 735 4503 aliter
758 4457 796 4502 ac
812 4439 1016 4502 Strabonem
1038 4439 1294 4522 interpretatum
1316 4457 1402 4502 esse.

321 4584 408 4590 -—.-—
421 4581 487 4588 -...—-

274 4647 292 4716 ¹)
311 4647 415 4701 Eodem
434 4647 495 4700 loco
513 4662 595 4702 usum
613 4663 676 4700 esse
694 4646 891 4714 Hieronymum
908 4651 982 4700 recte
1001 4646 1067 4699 dicit
1084 4645 1212 4698 huebeck
1231 4661 1257 4713 p.
1275 4645 1318 4696 62.
