3459 5200
1005 547 1046 611 36

445 757 685 823 commentario
715 755 833 819 eodem
864 755 1028 818 vocabulo
1056 753 1204 837 περίοδος.
1227 753 1393 818 diversum
1415 754 1450 817 in
1472 753 1612 818 modum

443 881 540 926 usum
569 881 644 926 esse
675 862 782 942 neget,
810 858 952 923 ascitum
980 860 1056 922 volo
1085 857 1314 936 Heliodorum,
1344 856 1379 920 in
1402 857 1495 921 cqus
1520 857 1613 920 eolo·

444 964 563 1029 metria
597 963 848 1046 Aristophaneo
883 962 919 1026 in
956 962 1061 1026 schol.
1098 962 1175 1025 Pac.
1214 961 1275 1024 775
1318 961 1402 1024 haec
1442 960 1614 1041 leguntur:

443 1065 602 1155 μεταβολὴ
633 1067 675 1144 εἰς
702 1064 948 1152 μονοστροιριιιήν
977 1060 1091 1148 δυάδα,
1132 1062 1478 1140 ἐνιεαιιαιδειιαιιώλους
1511 1063 1612 1144 (corr.

441 1172 646 1254 Thiemann)
691 1171 827 1254 ἔχουσαν
865 1167 921 1245 τοὶς
958 1163 1175 1252 περιόδους,
1215 1164 1257 1231 ὦν
1295 1166 1331 1230 τό
1360 1162 1390 1230 α’
1422 1164 1612 1230 δαιιωλυιόι

440 1273 681 1360 πενδημιμερές,
716 1272 751 1337 τό
775 1268 802 1358 β’
835 1271 1015 1356 περίοδος
1046 1268 1243 1356 προσοδιακή
1272 1268 1356 1334 οπλα
1391 1270 1431 1334 ct.
1465 1269 1612 1334 eundem

441 1378 476 1441 in
507 1379 611 1443 schol.
640 1376 723 1441 Nub.
747 1376 822 1440 457.
866 1375 934 1440 Sed
959 1377 993 1439 ln
1020 1373 1262 1440 commentario
1289 1373 1431 1456 duplicis
1459 1374 1611 1437 notionis

442 1481 542 1546 etiam
558 1481 688 1562 insigne
706 1483 859 1562 superest
876 1477 1036 1542 indicium
1052 1478 1251 1543 vocabulum
1266 1474 1409 1562 ἀρχικῆς.
1432 1475 1519 1540 Nam
1535 1477 1612 1540 licet

442 1583 483 1648 de
506 1583 537 1648 vi
561 1583 608 1648 illi
632 1582 782 1648 subiecta
804 1582 965 1663 ambigas
975 1583 999 1664 ¹)
1021 1582 1086 1646 hoc
1114 1585 1243 1646 certum
1270 1584 1371 1664 atque
1399 1581 1609 1662 exploratum

396 1749 399 1754 .
443 1691 494 1752 est
518 1690 669 1769 spectare
696 1686 776 1750 illud
800 1704 869 1750 non
892 1686 934 1750 ad
958 1684 1073 1749 omnia
1094 1685 1159 1749 tria
1181 1684 1329 1760 nomina,
1353 1684 1412 1748 sed
1435 1683 1480 1748 ad
1505 1703 1610 1748 unum

441 1791 640 1855 vocabulum
673 1788 826 1873 περίοδος.
881 1789 990 1872 Atque
1025 1788 1155 1853 collatis
1189 1787 1421 1853 commentarii
1443 1787 1472 1850 II
1498 1787 1610 1851 verbis

438 1913 470 1976 p.
494 1895 564 1958 XIII
581 1893 715 1958 6—XIV
735 1895 748 1956 I
770 1891 802 1970 ἐξ
822 1889 937 1977 ὁμοίων
960 1890 995 1955 δέ
1018 1891 1110 1973 ἐστιν,
1133 1889 1214 1976 ἅπερ
1236 1889 1295 1954 ὑπό
1317 1887 1446 1974 ποδόςή
1464 1889 1611 1974 συζυγίας

438 1993 458 2080 ἦ
494 1991 637 2081 περιόδου
670 2004 909 2081 καταμετρεῖται
941 1999 974 2062 et
1006 2016 1038 2078 p.
1068 1996 1172 2061 XXIV
1199 1997 1295 2060 3-4
1325 1990 1527 2079 ἀπεριόριοτα
1558 1995 1611 2078 μὲν

441 2095 543 2162 ὁπόσα
571 2096 630 2163 ὑπό
653 2099 707 2164 τοῦ
737 2091 831 2164 αὐτοῦ
859 2095 955 2175 ποδός
981 2097 1003 2182 ἡ
1026 2098 1081 2182 τῆς
1103 2091 1199 2183 αὐτῆς
1226 2097 1371 2184 συζυγίας
1398 2095 1610 2183 καταρετρου

439 2224 516 2288 μενα
550 2199 571 2285 ἦ
606 2198 752 2288 περιόδου
786 2223 855 2268 που
885 2201 1017 2281 dubito,
1047 2203 1127 2285 quin
1157 2203 1390 2268 commentarii
1418 2203 1431 2266 l
1464 2203 1609 2285 scrIptor

437 2307 636 2372 vocabulum
659 2303 793 2392 ἀρχικῆς
815 2305 992 2384 addiderit,
1014 2310 1052 2370 ut
1073 2306 1162 2371 hanc
1183 2306 1360 2388 periodum
1390 2305 1609 2386 distIngueret

438 2412 479 2474 ab
505 2429 553 2490 ea,
576 2430 676 2493 quam
698 2413 817 2492 postea
837 2429 870 2490 p.
894 2409 935 2473 VI
957 2410 977 2471 9
1000 2429 1073 2491 sqq.
1097 2408 1257 2473 allaturus
1281 2413 1361 2473 erat.
1471 2435 1479 2448 ·

528 2531 615 2613 Ergo
646 2529 860 2596 statuendum
888 2533 940 2594 est
963 2549 1038 2594 eam
1061 2533 1150 2594 certe
1167 2529 1398 2594 commentarii
1421 2530 1434 2593 l
1455 2529 1608 2604 formam,

439 2654 523 2717 quae
559 2636 593 2699 In
628 2634 799 2700 codicibus
833 2634 964 2715 legItur,
997 2634 1096 2700 unius
1130 2635 1279 2699 hominis
1313 2635 1448 2716 ingenio
1479 2634 1608 2698 deberi:

440 2740 610 2820 quaeritur
644 2759 724 2803 num
760 2740 861 2803 homo
891 2738 946 2802 ille
975 2737 1076 2803 fuerit
1102 2738 1320 2820 Hephaestio.
1370 2738 1485 2821 Neque
1520 2738 1607 2802 enim

440 2861 514 2907 cum
551 2842 802 2923 Hephaestione
835 2845 973 2905 auctore
1009 2844 1145 2923 pugnat,
1179 2841 1269 2923 qood
1302 2861 1404 2924 supra
1436 2860 1608 2905 commen·

438 2944 561 3009 tarium
589 2966 630 3009 ex
659 2945 821 3027 ampliore
844 2944 1060 3009 enarratione
1082 2950 1277 3027 excerptum
1300 2964 1377 3009 esse
1399 2964 1441 3008 ex
1469 2945 1607 3009 scholiis

438 3048 534 3112 alteri
557 3049 627 3132 περὶ
648 3042 821 3132 ποιήματος
845 3046 1086 3112 commentario
1102 3047 1243 3113 adnexis
1260 3048 1496 3112 conclusimus.
1543 3048 1606 3112 He·

438 3151 592 3233 phaestio
621 3156 658 3215 ut
685 3154 954 3233 asynartetorum
984 3150 1244 3233 explicationem
1271 3171 1313 3216 ex
1341 3152 1469 3216 maiore
1492 3152 1605 3215 enchi·

438 3254 535 3334 ridio,
569 3254 660 3337 quod
691 3255 799 3319 tribus
835 3253 1013 3319 constabat
1046 3254 1152 3332 libris,
1188 3254 1359 3319 festinanti
1393 3256 1524 3318 calamo
1553 3275 1607 3318 er·

439 3357 584 3439 scripsIt,
609 3356 708 3420 sImili
733 3357 787 3420 via
810 3357 844 3420 in
868 3360 1061 3438 poematum
1090 3357 1268 3439 generibus
1298 3356 1531 3422 describendis
1560 3358 1607 3420 in-

438 3460 531 3542 gredi
553 3460 672 3542 potuit.
717 3460 874 3541 Singulas
904 3461 1003 3541 igitur
1038 3461 1158 3543 quibus
1188 3462 1271 3527 haec
1294 3460 1445 3544 quaestio
1469 3460 1605 3525 dissolri

440 3569 539 3645 queat
563 3564 709 3628 rationes
732 3584 772 3627 ex
796 3564 915 3627 ordine
938 3582 1209 3646 percenseamus.

439 3856 605 3911 carminibus
630 3860 657 3920 ἐξ
681 3854 778 3923 ὁμοίιον
800 3874 825 3925 p.
845 3857 881 3909 lll
901 3859 942 3920 12,
961 3858 1010 3911 sed
1030 3874 1064 3911 ea
1087 3858 1122 3912 de
1141 3874 1197 3926 qua
1214 3858 1242 3911 In
1261 3858 1428 3912 carminibus
1445 3858 1519 3911 κατοὶ
1537 3876 1606 3926 περι-

438 3946 524 4012 κοπὴν
546 3941 760 4012 ἀνομοιομερέαιν
782 3960 808 4012 p.
827 3945 863 3999 Vl
886 3946 903 3997 9
923 3962 984 4013 sqq.
1003 3946 1099 4013 agitur,
1118 3945 1171 3999 ulsi
1195 3946 1270 4015 quod
1292 3944 1452 4007 scholiasta,
1476 3946 1608 4014 quoniam

438 4033 559 4086 cannina
583 4036 611 4095 ἐξ
637 4030 734 4098 ὁμοίων
752 4032 993 4101 interpretabatur,
1018 4034 1142 4087 colorum
1160 4032 1249 4087 solam
1268 4033 1452 4102 quantitatem
1470 4034 1607 4088 diversam

438 4122 539 4173 diserte
566 4120 798 4173 commemoravit.
845 4119 947 4173 Caesar
971 4136 1032 4173 cum
1057 4120 1084 4172 io
1109 4121 1215 4174 emend.
1239 4120 1329 4189 Heph.
1352 4120 1376 4175 Il
1400 4139 1426 4190 p.
1450 4121 1537 4176 XVIII
1559 4140 1607 4191 pro

437 4206 454 4275 ἡ
483 4210 515 4260 ἐκ
542 4206 676 4274 διαφόρων
702 4206 797 4259 κώλων
821 4205 998 4261 scribendum
1023 4224 1084 4261 esse
1109 4211 1236 4261 censeret
1257 4205 1275 4275 ἡ
1301 4211 1334 4261 ta
1356 4208 1491 4274 διαφόρων
1513 4212 1607 4264 ποδῶν.

438 4295 581 4356 rationem,
600 4310 672 4362 quae
691 4294 762 4348 Inter
780 4294 835 4347 duo
854 4294 905 4347 illa
918 4295 1060 4349 enuntiata
1069 4295 1222 4359 intercedIt,
1241 4295 1445 4365 praepositione
1461 4296 1515 4363 γάρ
1533 4296 1606 4350 lucu·

437 4382 526 4435 lenter
543 4382 707 4436 illustratam
726 4398 871 4450 perperam
885 4381 993 4435 delevit.

527 4487 545 4553 ¹)
564 4488 682 4541 Allunde
701 4488 768 4540 mihi
787 4491 909 4554 περίοδος
928 4482 1029 4555 οἰρχιιιή
1048 4505 1104 4542 non
1123 4489 1256 4553 iunotuit;
1275 4486 1603 4544 conuenientem

438 4573 479 4625 ea.
499 4574 523 4626 n
547 4591 572 4641 p.
591 4575 632 4627 ar.
