3459 5200
447 705 679 787 Aphthonium
702 706 880 789 scripsisse
903 706 1072 789 suspicor:
1095 706 1221 786 „mixta
1242 713 1355 773 autem
1379 730 1466 792 quae
1493 711 1617 792 partim

450 813 529 874 sunt
550 808 633 873 κατὰ
655 809 761 894 στίχον
783 811 907 893 partim
928 810 1173 893 <systematica
1219 810 1378 876 Carmina
1399 816 1513 876 autem
1536 811 1618 875 κατὰ

448 912 554 996 στίχον
582 915 704 996 partim
733 919 812 978 sunt
840 912 957 998 ἄμικτα
983 913 1106 996 partim
1140 912 1235 998 μικτοὶ
1261 912 1345 978 κατὰ
1372 911 1480 999 στίχον
1508 916 1614 996 velut)

448 1038 488 1080 ex
511 1018 663 1082 trimetro
687 1022 720 1082 et
742 1022 943 1107 tetrametro
962 1018 1076 1093 mixta,
1100 1037 1302 1100 quamquam
1331 1037 1400 1082 non
1428 1038 1498 1084 uno
1521 1039 1618 1082 versu

449 1139 582 1202 semper
616 1122 768 1202 sensus¹l
805 1122 979 1204 expleatur
1012 1125 1049 1186 ut
1075 1121 1153 1204 <et>
1186 1121 1220 1185 in
1255 1121 1361 1201 elegia
1392 1123 1445 1186 vel
1478 1123 1618 1204 epodis“

447 1224 479 1290 h.
504 1245 531 1288 e.
556 1225 656 1290 etiarn
686 1245 726 1289 ex
754 1225 908 1290 trimetro
942 1228 976 1288 et
1007 1228 1203 1289 tetrametro
1237 1223 1343 1288 mixta
1371 1228 1406 1288 et
1433 1225 1563 1307 elegiae
1588 1232 1619 1290 et

447 1328 546 1409 epodi
570 1329 774 1394 carminibus
797 1327 881 1394 κατὰ
903 1329 1009 1414 στίχον
1031 1330 1305 1406 adnumerantur,
1321 1349 1526 1412 quamquam
1544 1349 1617 1395 cum

446 1431 512 1496 hoc
534 1449 655 1514 genere
678 1453 826 1516 pugnare
853 1434 998 1512 videtur,
1032 1434 1122 1516 quod
1150 1453 1221 1498 non
1248 1453 1290 1498 ex
1317 1451 1386 1498 uno
1413 1453 1515 1497 versu
1539 1453 1618 1498 cou-

446 1535 606 1600 tinentur.
651 1537 797 1602 Hensius
820 1558 852 1620 p.
875 1539 927 1614 57,
950 1537 970 1600 9
993 1537 1155 1602 vocabulo
1179 1536 1350 1620 „epodoe“
1380 1537 1492 1601 deleto
1515 1538 1618 1601 verba

448 1659 553 1721 „quae
588 1640 742 1705 similiter
774 1639 857 1703 κατὰ
886 1639 1023 1724 δίστιχον
1051 1639 1152 1704 fiunt“
1181 1644 1261 1722 post
1282 1639 1443 1722 „epodis“
1465 1661 1499 1722 p.
1523 1641 1619 1717 57,6

437 1729 643 1808 'collocanda
676 1763 751 1808 esse
785 1744 977 1809 dubitanter
1014 1743 1168 1808 coniecit.
1217 1743 1287 1808 Sed
1320 1743 1481 1825 quoniam
1516 1745 1619 1808 rerba

447 1847 503 1911 illa
525 1847 572 1912 ita
600 1853 637 1913 ut
666 1848 792 1930 scripta
820 1852 900 1914 sunt
933 1846 1084 1929 quamvis
1118 1865 1216 1928 aegre
1249 1851 1395 1928 possunt
1422 1845 1547 1910 tamen
1570 1847 1619 1910 in·

445 1950 567 2032 tellegi,
592 1951 695 2016 satius
718 1952 849 2018 videtur
871 1953 906 2016 in
930 1953 1083 2018 codicum
1106 1952 1250 2017 lectione
1279 1953 1511 2035 acquiescere,
1543 1971 1617 2016 cum

447 2055 537 2116 certa
560 2053 750 2118 emendatio
777 2055 922 2136 proferri
952 2059 1104 2137 nequeat.
1154 2054 1270 2120 Nullos
1298 2059 1411 2120 moret
1439 2057 1618 2138 scrupulos

446 2156 634 2220 carminum
649 2153 853 2242 ἀμεταβόλων
869 2162 902 2222 et
916 2156 1129 2243 parabolatim
1143 2158 1326 2240 descriptio
1339 2158 1385 2239 (p.
1397 2159 1450 2235 57,
1467 2160 1618 2230 ru-mt.

370 2343 373 2350 ,
447 2259 506 2324 sed
541 2259 663 2324 idoneo
698 2279 800 2324 sensu
833 2279 974 2342 prorsus
1009 2266 1125 2326 carent
1157 2262 1260 2326 verba
1292 2261 1338 2342 (p.
1361 2262 1413 2338 57,
1445 2264 1485 2326 15
1515 2276 1616 2345 sqqr:

446 2363 571 2441 „baec
595 2363 696 2428 etiam
720 2363 754 2428 in
778 2364 984 2428 carminibus
1008 2414 1016 2427 .
1039 2413 1047 2427 .
1072 2395 1082 2428 .·
1102 2361 1266 2446 προῳδικοί
1288 2367 1323 2426 et
1348 2363 1491 2446 ἐπῳδικοί
1517 2385 1617 2429 voca·

446 2471 596 2532 verunt.“
646 2467 767 2532 Nescio
795 2487 839 2532 an
867 2467 1083 2549 Aphthonius
1117 2467 1163 2531 ita
1191 2466 1261 2531 sere
1289 2467 1478 2549 scripserit:
1514 2469 1617 2546 „haec

445 2569 546 2635 etiam
568 2570 603 2635 in
626 2570 830 2637 carminibus
855 2591 940 2653 quae
962 2576 1078 2637 mutuo
1101 2570 1233 2635 adnexa
1256 2569 1365 2635 itaer
1393 2591 1430 2635 se
1452 2572 1613 2653 pendent.

444 2678 481 2737 ut
503 2675 643 2739 alterum
668 2675 740 2739 sine
769 2676 875 2741 altero
906 2676 1015 2741 audiri
1042 2695 1112 2740 non
1139 2675 1263 2758 possit3
1296 2675 1427 2757 <quae>
1453 2672 1617 2760 προῳδιιά

445 2780 478 2839 et
512 2775 651 2861 ἐπῳδικά
684 2784 888 2843 vocaverunt
990 2783 1028 2845 ut
1054 2779 1091 2842 fit
1123 2779 1159 2842 in
1192 2779 1404 2843 hexametro:
1438 2779 1617 2862 προῳδικόν

444 2883 554 2964 ipsum
583 2902 665 2963 epos
694 2884 793 2959 eto.“;
823 2902 889 2965 qua
922 2883 1116 2948 coniectura
1147 2882 1291 2964 probata
1326 2883 1411 2947 haec
1448 2885 1616 2948 sententia

448 2986 647 3051 alliceretur:
672 2982 885 3071 ,μεταβολικά
911 2991 989 3050 sunt
1011 2989 1119 3049 metra
1144 2986 1271 3067 tragica
1294 2989 1328 3049 et
1350 2985 1488 3050 comica.
1532 2987 1615 3051 Nam

445 3110 514 3153 non
545 3090 653 3154 solum
687 3090 774 3173 apud
809 3090 957 3171 reliquos
979 3094 1097 3171 poetas
1126 3088 1274 3170 tragicos
1302 3089 1530 3171 comicosque,
1559 3090 1617 3154 sed

445 3193 545 3257 etiam
569 3192 657 3274 apud
672 3193 892 3257 Menandrum
915 3194 958 3258 ab
981 3193 1056 3259 aliis
1078 3193 1196 3257 metris
1212 3192 1256 3257 ad
1270 3193 1337 3257 alia
1350 3211 1477 3273 genera
1490 3195 1616 3257 transi·

443 3302 497 3361 tus
519 3296 564 3361 fit.
610 3296 677 3361 Sed
699 3297 764 3360 boc
792 3317 855 3362 usu
883 3296 976 3361 venit
1002 3297 1104 3361 etiam
1139 3297 1174 3359 in
1209 3296 1414 3361 carminibus
1442 3296 1615 3377 proodicis

443 3405 543 3482 atque
558 3398 740 3480 epodiois“.
777 3398 825 3463 Ne
849 3399 897 3464 eis
922 3398 1056 3480 quidem
1079 3418 1162 3481 quas
1185 3398 1346 3480 proposui
1369 3397 1614 3461 mutationibus

444 3504 531 3567 hanc
554 3503 595 3567 de
618 3506 810 3584 poematum
835 3502 1012 3584 speciebus
1035 3501 1284 3566 enarrationem
1307 3500 1400 3565 omni
1423 3500 1614 3565 offensione

443 3606 581 3691 liberari
603 3626 672 3670 non
695 3624 748 3669 me
777 3604 875 3687 fugit,
908 3624 1025 3670 rerum
1053 3624 1123 3669 non
1156 3604 1266 3669 solum
1294 3603 1520 3680 Victorinum,
1556 3602 1613 3667 sed

444 3709 545 3773 etiam
572 3708 805 3791 Aphthonium
838 3728 939 3789 saepe
972 3708 1084 3790 inepte
1117 3711 1292 3772 auctorum
1320 3726 1405 3789 quos
1432 3707 1613 3789 exscripsit

444 3818 477 3877 et
498 3814 601 3877 verba
624 3816 656 3877 et
680 3811 864 3878 sententias
887 3812 1090 3893 pervertisse
1113 3814 1258 3875 constat.

528 3918 640 3999 ltaque
678 3916 836 3999 quoniam
875 3934 959 3998 quae
991 3914 1207 3996 Aphthonius
1244 3913 1422 3994 scripsisse
1457 3912 1614 3977 videatur
1684 3959 1685 3976 2

443 4024 605 4103 quantum
627 4018 698 4083 fleri
720 4017 828 4099 potuit
852 4016 1099 4095 reconcinnavi‚
1123 4014 1360 4098 inquirendum
1383 4018 1435 4079 est
1453 4034 1476 4078 a
1491 4016 1613 4097 quibus

443 4123 636 4187 auctoribus
659 4121 874 4204 Aphthonius
897 4120 986 4186 hanc
1012 4120 1083 4203 περὶ
1108 4116 1283 4203 ποιήματος
1308 4118 1500 4183 doctrinam
1528 4118 1614 4200 peti·

442 4225 536 4289 verit.
574 4226 683 4308 Atque
706 4243 781 4287 curn
805 4224 846 4287 de
869 4224 988 4287 Caesio
1006 4228 1063 4288 aut
1078 4222 1284 4287 Terentiano
1300 4219 1439 4303 cogitari
1456 4226 1615 4303 nequeat.

531 4466 550 4533 ¹)
569 4482 664 4519 versus
682 4464 762 4530 codd,
781 4480 879 4518 sensus
898 4460 963 4517 Keil
979 4462 1024 4528 (cf.
1043 4462 1112 4517 Vict.
1130 4479 1156 4530 p.
1168 4462 1212 4525 58,
1232 4461 1271 4514 17.
1293 4462 1350 4523 161,
1363 4461 1405 4513 25.
1426 4460 1486 4522 163,
1507 4461 1542 4514 14
1553 4471 1616 4529 sq),

442 4558 558 4609 metrum
579 4550 687 4605 Gamar.
