<?xml version="1.0" encoding="UTF-8"?>
<!DOCTYPE html PUBLIC "-//W3C//DTD XHTML 1.0 Transitional//EN"
    "http://www.w3.org/TR/xhtml1/DTD/xhtml1-transitional.dtd">
<html xmlns="http://www.w3.org/1999/xhtml" xml:lang="en" lang="en">
 <head>
  <title>
</title>
<meta http-equiv="Content-Type" content="text/html;charset=utf-8" />
  <meta name='ocr-system' content='tesseract 3.04.00' />
  <meta name='ocr-capabilities' content='ocr_page ocr_carea ocr_par ocr_line ocrx_word'/>
</head>
<body>
  <div class='ocr_page' id='page_1' title='image "./detacitosenecae00zimmgoog_0327.png"; bbox 0 0 3459 5200; ppageno 0'>
   <div class='ocr_carea' id='block_1_1' title="bbox 910 499 1112 594">
    <p class='ocr_par' dir='ltr' id='par_1_1' title="bbox 910 499 1112 594">
     <span class='ocr_line' id='line_1_1' title="bbox 910 499 1112 594; baseline 0 0"><span class='ocrx_word' id='word_1_1' title='bbox 910 499 1112 594; x_wconf 53' lang='lat'>„³0-</span> 
     </span>
    </p>
   </div>
   <div class='ocr_carea' id='block_1_2' title="bbox 367 705 1682 4617">
    <p class='ocr_par' dir='ltr' id='par_1_2' title="bbox 428 705 1594 1513">
     <span class='ocr_line' id='line_1_2' title="bbox 429 705 1590 788; baseline 0.003 -19"><span class='ocrx_word' id='word_1_2' title='bbox 429 725 612 771; x_wconf 87' lang='lat' dir='ltr'>vacaneum</span> <span class='ocrx_word' id='word_1_3' title='bbox 628 711 688 772; x_wconf 89' lang='lat' dir='ltr'>est.</span> <span class='ocrx_word' id='word_1_4' title='bbox 722 706 806 771; x_wconf 92' lang='lat' dir='ltr'>Nam</span> <span class='ocrx_word' id='word_1_5' title='bbox 820 707 858 771; x_wconf 92' lang='lat' dir='ltr'>ut</span> <span class='ocrx_word' id='word_1_6' title='bbox 880 724 965 788; x_wconf 90' lang='lat' dir='ltr'>quae</span> <span class='ocrx_word' id='word_1_7' title='bbox 980 705 1121 770; x_wconf 90' lang='lat' dir='ltr'>minoris</span> <span class='ocrx_word' id='word_1_8' title='bbox 1143 705 1306 771; x_wconf 86' lang='lat' dir='ltr'>momenti</span> <span class='ocrx_word' id='word_1_9' title='bbox 1328 708 1407 772; x_wconf 91' lang='lat' dir='ltr'>sunt</span> <span class='ocrx_word' id='word_1_10' title='bbox 1428 706 1590 786; x_wconf 83' lang='lat' dir='ltr'>omittam,</span> 
     </span>
     <span class='ocr_line' id='line_1_3' title="bbox 432 805 1593 895; baseline 0.001 -22"><span class='ocrx_word' id='word_1_11' title='bbox 432 829 540 892; x_wconf 90' lang='lat' dir='ltr'>neque</span> <span class='ocrx_word' id='word_1_12' title='bbox 564 809 749 875; x_wconf 84' lang='lat' dir='ltr'>carminum</span> <span class='ocrx_word' id='word_1_13' title='bbox 771 807 854 873; x_wconf 82' lang='grc' dir='ltr'>κατὰ</span> <span class='ocrx_word' id='word_1_14' title='bbox 878 807 984 894; x_wconf 79' lang='grc' dir='ltr'>στίχον</span> <span class='ocrx_word' id='word_1_15' title='bbox 1011 828 1118 892; x_wconf 90' lang='lat' dir='ltr'>neque</span> <span class='ocrx_word' id='word_1_16' title='bbox 1148 807 1232 872; x_wconf 80' lang='grc' dir='ltr'>κατὰ</span> <span class='ocrx_word' id='word_1_17' title='bbox 1257 806 1431 895; x_wconf 66' lang='grc' dir='ltr'>περικοπὴν</span> <span class='ocrx_word' id='word_1_18' title='bbox 1452 805 1593 895; x_wconf 82' lang='grc' dir='ltr'>ἀνομοιο-</span> 
     </span>
     <span class='ocr_line' id='line_1_4' title="bbox 432 910 1593 998; baseline 0.001 -22"><span class='ocrx_word' id='word_1_19' title='bbox 432 918 533 997; x_wconf 80' lang='grc' dir='ltr'>μερῶν</span> <span class='ocrx_word' id='word_1_20' title='bbox 561 933 669 997; x_wconf 90' lang='lat' dir='ltr'>neque</span> <span class='ocrx_word' id='word_1_21' title='bbox 699 917 813 997; x_wconf 81' lang='grc' dir='ltr'>μικτῶν</span> <span class='ocrx_word' id='word_1_22' title='bbox 840 910 1077 998; x_wconf 68' lang='grc' dir='ltr'>συστηματικῶν</span> <span class='ocrx_word' id='word_1_23' title='bbox 1105 931 1214 995; x_wconf 90' lang='lat' dir='ltr'>neque</span> <span class='ocrx_word' id='word_1_24' title='bbox 1237 911 1350 998; x_wconf 80' lang='grc' dir='ltr'>μικτῶν</span> <span class='ocrx_word' id='word_1_25' title='bbox 1378 910 1462 978; x_wconf 81' lang='grc' dir='ltr'>κατὰ</span> <span class='ocrx_word' id='word_1_26' title='bbox 1488 911 1593 997; x_wconf 87' lang='grc' dir='ltr'>σχέσιν</span> 
     </span>
     <span class='ocr_line' id='line_1_5' title="bbox 429 1016 1591 1100; baseline -0.001 -18"><span class='ocrx_word' id='word_1_27' title='bbox 429 1017 687 1099; x_wconf 82' lang='lat' dir='ltr'>descriptiones,</span> <span class='ocrx_word' id='word_1_28' title='bbox 710 1036 795 1100; x_wconf 89' lang='lat' dir='ltr'>quae</span> <span class='ocrx_word' id='word_1_29' title='bbox 818 1017 852 1081; x_wconf 91' lang='lat' dir='ltr'>in</span> <span class='ocrx_word' id='word_1_30' title='bbox 875 1017 989 1099; x_wconf 89' lang='lat' dir='ltr'>priore</span> <span class='ocrx_word' id='word_1_31' title='bbox 1012 1017 1254 1082; x_wconf 89' lang='lat' dir='ltr'>commentario</span> <span class='ocrx_word' id='word_1_32' title='bbox 1277 1016 1401 1095; x_wconf 89' lang='lat' dir='ltr'>insunt,</span> <span class='ocrx_word' id='word_1_33' title='bbox 1424 1036 1465 1082; x_wconf 84' lang='lat' dir='ltr'>ex</span> <span class='ocrx_word' id='word_1_34' title='bbox 1486 1017 1591 1081; x_wconf 84' lang='lat' dir='ltr'>altero</span> 
     </span>
     <span class='ocr_line' id='line_1_6' title="bbox 428 1119 1593 1203; baseline -0.003 -18"><span class='ocrx_word' id='word_1_35' title='bbox 428 1121 580 1203; x_wconf 88' lang='lat' dir='ltr'>potuisse</span> <span class='ocrx_word' id='word_1_36' title='bbox 603 1119 746 1186; x_wconf 85' lang='lat' dir='ltr'>derivari</span> <span class='ocrx_word' id='word_1_37' title='bbox 768 1120 957 1185; x_wconf 77' lang='lat' dir='ltr'>rectissime</span> <span class='ocrx_word' id='word_1_38' title='bbox 984 1119 1035 1184; x_wconf 89' lang='lat' dir='ltr'>vir</span> <span class='ocrx_word' id='word_1_39' title='bbox 1057 1120 1175 1184; x_wconf 91' lang='lat' dir='ltr'>doctus</span> <span class='ocrx_word' id='word_1_40' title='bbox 1198 1121 1450 1186; x_wconf 89' lang='lat' dir='ltr'>demonstravit.</span> <span class='ocrx_word' id='word_1_41' title='bbox 1493 1120 1593 1184; x_wconf 91' lang='lat' dir='ltr'>Deni-</span> 
     </span>
     <span class='ocr_line' id='line_1_7' title="bbox 430 1218 1594 1309; baseline -0.003 -20"><span class='ocrx_word' id='word_1_42' title='bbox 430 1243 493 1306; x_wconf 88' lang='lat' dir='ltr'>que</span> <span class='ocrx_word' id='word_1_43' title='bbox 518 1243 560 1289; x_wconf 89' lang='lat' dir='ltr'>ne</span> <span class='ocrx_word' id='word_1_44' title='bbox 584 1243 624 1288; x_wconf 90' lang='lat' dir='ltr'>ea</span> <span class='ocrx_word' id='word_1_45' title='bbox 647 1223 790 1306; x_wconf 90' lang='lat' dir='ltr'>quidem,</span> <span class='ocrx_word' id='word_1_46' title='bbox 816 1242 901 1306; x_wconf 88' lang='lat' dir='ltr'>quae</span> <span class='ocrx_word' id='word_1_47' title='bbox 921 1245 954 1306; x_wconf 89' lang='lat' dir='ltr'>p.</span> <span class='ocrx_word' id='word_1_48' title='bbox 977 1223 1018 1286; x_wconf 95' lang='lat' dir='ltr'>lV</span> <span class='ocrx_word' id='word_1_49' title='bbox 1043 1224 1179 1288; x_wconf 76' lang='lat'>14-16</span> <span class='ocrx_word' id='word_1_50' title='bbox 1206 1222 1248 1288; x_wconf 89' lang='lat' dir='ltr'>de</span> <span class='ocrx_word' id='word_1_51' title='bbox 1277 1232 1430 1309; x_wconf 83' lang='grc' dir='ltr'>μετρικοῖς</span> <span class='ocrx_word' id='word_1_52' title='bbox 1451 1218 1594 1298; x_wconf 74' lang='grc' dir='ltr'>ἀτάκτοις</span> 
     </span>
     <span class='ocr_line' id='line_1_8' title="bbox 433 1326 1594 1410; baseline -0.002 -19"><span class='ocrx_word' id='word_1_53' title='bbox 433 1327 631 1407; x_wconf 88' lang='lat' dir='ltr'>referuntur,</span> <span class='ocrx_word' id='word_1_54' title='bbox 666 1347 706 1392; x_wconf 84' lang='lat' dir='ltr'>ex</span> <span class='ocrx_word' id='word_1_55' title='bbox 739 1328 844 1392; x_wconf 89' lang='lat' dir='ltr'>altero</span> <span class='ocrx_word' id='word_1_56' title='bbox 867 1327 1110 1392; x_wconf 83' lang='lat' dir='ltr'>commentario</span> <span class='ocrx_word' id='word_1_57' title='bbox 1143 1326 1188 1408; x_wconf 80' lang='lat' dir='ltr'>(p.</span> <span class='ocrx_word' id='word_1_58' title='bbox 1210 1327 1268 1392; x_wconf 87' lang='lat' dir='ltr'>XII</span> <span class='ocrx_word' id='word_1_59' title='bbox 1289 1327 1387 1410; x_wconf 83' lang='grc'>5-6)</span> <span class='ocrx_word' id='word_1_60' title='bbox 1415 1347 1490 1392; x_wconf 87' lang='lat' dir='ltr'>esse</span> <span class='ocrx_word' id='word_1_61' title='bbox 1517 1345 1594 1409; x_wconf 92' lang='lat' dir='ltr'>pro·</span> 
     </span>
     <span class='ocr_line' id='line_1_9' title="bbox 432 1430 922 1513; baseline -0.002 -18"><span class='ocrx_word' id='word_1_62' title='bbox 432 1430 518 1495; x_wconf 86' lang='lat' dir='ltr'>lecta</span> <span class='ocrx_word' id='word_1_63' title='bbox 541 1431 614 1512; x_wconf 88' lang='lat' dir='ltr'>ipsa</span> <span class='ocrx_word' id='word_1_64' title='bbox 636 1451 668 1512; x_wconf 92' lang='lat' dir='ltr'>p.</span> <span class='ocrx_word' id='word_1_65' title='bbox 691 1431 734 1494; x_wconf 72' lang='lat' dir='ltr'>al</span> <span class='ocrx_word' id='word_1_66' title='bbox 757 1451 806 1513; x_wconf 90' lang='lat' dir='ltr'>sq.</span> <span class='ocrx_word' id='word_1_67' title='bbox 829 1430 922 1494; x_wconf 88' lang='lat' dir='ltr'>evici.</span> 
     </span>
    </p>

    <p class='ocr_par' dir='ltr' id='par_1_3' title="bbox 403 1533 1591 1907">
     <span class='ocr_line' id='line_1_10' title="bbox 516 1533 1591 1616; baseline -0.001 -19"><span class='ocrx_word' id='word_1_68' title='bbox 516 1533 672 1598; x_wconf 89' lang='lat' dir='ltr'>Pluribus</span> <span class='ocrx_word' id='word_1_69' title='bbox 711 1533 948 1615; x_wconf 90' lang='lat' dir='ltr'>disputandum</span> <span class='ocrx_word' id='word_1_70' title='bbox 981 1537 1033 1598; x_wconf 91' lang='lat' dir='ltr'>est</span> <span class='ocrx_word' id='word_1_71' title='bbox 1062 1534 1103 1597; x_wconf 89' lang='lat' dir='ltr'>de</span> <span class='ocrx_word' id='word_1_72' title='bbox 1130 1533 1247 1598; x_wconf 92' lang='lat' dir='ltr'>Hensii</span> <span class='ocrx_word' id='word_1_73' title='bbox 1271 1534 1431 1616; x_wconf 91' lang='lat' dir='ltr'>opinione</span> <span class='ocrx_word' id='word_1_74' title='bbox 1452 1534 1496 1598; x_wconf 85' lang='lat' dir='ltr'>ab</span> <span class='ocrx_word' id='word_1_75' title='bbox 1519 1533 1591 1615; x_wconf 89' lang='lat' dir='ltr'>ipso</span> 
     </span>
     <span class='ocr_line' id='line_1_11' title="bbox 403 1635 1590 1718; baseline -0.002 -18"><span class='ocrx_word' id='word_1_76' title='bbox 403 1713 406 1717; x_wconf 20' lang='lat'><strong>⁴</strong></span> <span class='ocrx_word' id='word_1_77' title='bbox 431 1636 597 1701; x_wconf 81' lang='lat' dir='ltr'>subtiliter</span> <span class='ocrx_word' id='word_1_78' title='bbox 613 1635 787 1718; x_wconf 83' lang='lat' dir='ltr'>explicata,</span> <span class='ocrx_word' id='word_1_79' title='bbox 804 1655 903 1718; x_wconf 91' lang='lat' dir='ltr'>quam</span> <span class='ocrx_word' id='word_1_80' title='bbox 920 1635 1102 1700; x_wconf 91' lang='lat' dir='ltr'>nemodum</span> <span class='ocrx_word' id='word_1_81' title='bbox 1122 1635 1236 1700; x_wconf 84' lang='lat' dir='ltr'>dedita</span> <span class='ocrx_word' id='word_1_82' title='bbox 1256 1656 1359 1718; x_wconf 88' lang='lat' dir='ltr'>opera</span> <span class='ocrx_word' id='word_1_83' title='bbox 1381 1637 1590 1702; x_wconf 83' lang='lat' dir='ltr'>examinavit.</span> 
     </span>
     <span class='ocr_line' id='line_1_12' title="bbox 429 1738 1591 1821; baseline 0 -17"><span class='ocrx_word' id='word_1_84' title='bbox 429 1739 576 1804; x_wconf 88' lang='lat' dir='ltr'>Hensius</span> <span class='ocrx_word' id='word_1_85' title='bbox 599 1738 634 1802; x_wconf 91' lang='lat' dir='ltr'>in</span> <span class='ocrx_word' id='word_1_86' title='bbox 657 1743 726 1804; x_wconf 88' lang='lat' dir='ltr'>tres</span> <span class='ocrx_word' id='word_1_87' title='bbox 748 1743 863 1821; x_wconf 87' lang='lat' dir='ltr'>partes</span> <span class='ocrx_word' id='word_1_88' title='bbox 886 1759 907 1803; x_wconf 91' lang='lat' dir='ltr'>a</span> <span class='ocrx_word' id='word_1_89' title='bbox 929 1738 1071 1804; x_wconf 89' lang='lat' dir='ltr'>diversis</span> <span class='ocrx_word' id='word_1_90' title='bbox 1094 1739 1287 1804; x_wconf 86' lang='lat' dir='ltr'>auctoribus</span> <span class='ocrx_word' id='word_1_91' title='bbox 1311 1740 1481 1806; x_wconf 84' lang='lat' dir='ltr'>coniectas</span> <span class='ocrx_word' id='word_1_92' title='bbox 1504 1759 1591 1806; x_wconf 93' lang='lat' dir='ltr'>com-</span> 
     </span>
     <span class='ocr_line' id='line_1_13' title="bbox 430 1841 962 1907; baseline 0 -1"><span class='ocrx_word' id='word_1_93' title='bbox 430 1842 631 1907; x_wconf 84' lang='lat' dir='ltr'>monterium</span> <span class='ocrx_word' id='word_1_94' title='bbox 652 1842 665 1905; x_wconf 94' lang='lat' dir='ltr'>l</span> <span class='ocrx_word' id='word_1_95' title='bbox 695 1841 821 1907; x_wconf 83' lang='lat' dir='ltr'>divellit</span> <span class='ocrx_word' id='word_1_96' title='bbox 844 1843 962 1907; x_wconf 86' lang='lat' dir='ltr'>hasce:</span> 
     </span>
    </p>

    <p class='ocr_par' dir='ltr' id='par_1_4' title="bbox 480 1943 1589 2130">
     <span class='ocr_line' id='line_1_14' title="bbox 480 1943 1589 2030; baseline -0.003 -21"><span class='ocrx_word' id='word_1_97' title='bbox 480 1947 511 2026; x_wconf 84' lang='lat'>1)</span> <span class='ocrx_word' id='word_1_98' title='bbox 534 1966 566 2028; x_wconf 90' lang='lat' dir='ltr'>p.</span> <span class='ocrx_word' id='word_1_99' title='bbox 589 1944 630 2008; x_wconf 93' lang='lat' dir='ltr'>lll</span> <span class='ocrx_word' id='word_1_100' title='bbox 654 1947 669 2009; x_wconf 89' lang='lat'>1</span> <span class='ocrx_word' id='word_1_101' title='bbox 690 1945 788 2008; x_wconf 87' lang='lat' dir='ltr'>-IV</span> <span class='ocrx_word' id='word_1_102' title='bbox 811 1945 831 2008; x_wconf 89' lang='lat'>5</span> <span class='ocrx_word' id='word_1_103' title='bbox 854 1949 887 2010; x_wconf 88' lang='lat' dir='ltr'>et</span> <span class='ocrx_word' id='word_1_104' title='bbox 907 1966 940 2027; x_wconf 89' lang='lat' dir='ltr'>p.</span> <span class='ocrx_word' id='word_1_105' title='bbox 963 1945 1005 2008; x_wconf 95' lang='lat' dir='ltr'>lV</span> <span class='ocrx_word' id='word_1_106' title='bbox 1031 1944 1071 2009; x_wconf 79' lang='lat'>14</span> <span class='ocrx_word' id='word_1_107' title='bbox 1096 1947 1391 2030; x_wconf 85' lang='lat' dir='ltr'>-V3reliquas</span> <span class='ocrx_word' id='word_1_108' title='bbox 1413 1965 1489 2010; x_wconf 89' lang='lat' dir='ltr'>esse</span> <span class='ocrx_word' id='word_1_109' title='bbox 1510 1943 1589 2008; x_wconf 82' lang='lat' dir='ltr'>dixit</span> 
     </span>
     <span class='ocr_line' id='line_1_15' title="bbox 538 2048 1031 2130; baseline 0 -18"><span class='ocrx_word' id='word_1_110' title='bbox 538 2049 678 2113; x_wconf 85' lang='lat' dir='ltr'>extremi</span> <span class='ocrx_word' id='word_1_111' title='bbox 701 2048 819 2130; x_wconf 89' lang='lat' dir='ltr'>capitis</span> <span class='ocrx_word' id='word_1_112' title='bbox 843 2048 1031 2126; x_wconf 89' lang='lat' dir='ltr'>enchiridii,</span> 
     </span>
    </p>

    <p class='ocr_par' dir='ltr' id='par_1_5' title="bbox 479 2151 1590 2236">
     <span class='ocr_line' id='line_1_16' title="bbox 479 2151 1590 2236; baseline -0.003 -19"><span class='ocrx_word' id='word_1_113' title='bbox 479 2153 512 2236; x_wconf 68' lang='lat'>2)</span> <span class='ocrx_word' id='word_1_114' title='bbox 535 2172 567 2235; x_wconf 90' lang='lat' dir='ltr'>p.</span> <span class='ocrx_word' id='word_1_115' title='bbox 590 2151 631 2216; x_wconf 91' lang='lat' dir='ltr'>lv</span> <span class='ocrx_word' id='word_1_116' title='bbox 653 2152 725 2215; x_wconf 86' lang='grc'>6-</span> <span class='ocrx_word' id='word_1_117' title='bbox 741 2153 779 2216; x_wconf 88' lang='grc'>13</span> <span class='ocrx_word' id='word_1_118' title='bbox 802 2153 1034 2235; x_wconf 88' lang='lat' dir='ltr'>epitomatoris</span> <span class='ocrx_word' id='word_1_119' title='bbox 1057 2154 1109 2218; x_wconf 88' lang='lat' dir='ltr'>vel</span> <span class='ocrx_word' id='word_1_120' title='bbox 1131 2154 1338 2236; x_wconf 82' lang='lat' dir='ltr'>grammatici</span> <span class='ocrx_word' id='word_1_121' title='bbox 1353 2153 1590 2222; x_wconf 83' lang='lat' dir='ltr'>additamenta.</span> 
     </span>
    </p>

    <p class='ocr_par' dir='ltr' id='par_1_6' title="bbox 479 2256 1590 2443">
     <span class='ocr_line' id='line_1_17' title="bbox 479 2256 1590 2341; baseline 0 -22"><span class='ocrx_word' id='word_1_122' title='bbox 479 2257 511 2338; x_wconf 86' lang='lat'>3)</span> <span class='ocrx_word' id='word_1_123' title='bbox 533 2277 565 2339; x_wconf 92' lang='lat' dir='ltr'>p.</span> <span class='ocrx_word' id='word_1_124' title='bbox 588 2258 616 2321; x_wconf 86' lang='lat' dir='ltr'>V</span> <span class='ocrx_word' id='word_1_125' title='bbox 637 2256 821 2320; x_wconf 77' lang='lat' dir='ltr'>d-Vlll</span> <span class='ocrx_word' id='word_1_126' title='bbox 849 2276 925 2322; x_wconf 90' lang='lat' dir='ltr'>esse</span> <span class='ocrx_word' id='word_1_127' title='bbox 961 2257 1160 2338; x_wconf 89' lang='lat' dir='ltr'>particulam</span> <span class='ocrx_word' id='word_1_128' title='bbox 1191 2259 1358 2341; x_wconf 86' lang='lat' dir='ltr'>quandam</span> <span class='ocrx_word' id='word_1_129' title='bbox 1385 2258 1429 2322; x_wconf 89' lang='lat' dir='ltr'>ad</span> <span class='ocrx_word' id='word_1_130' title='bbox 1455 2256 1590 2320; x_wconf 87' lang='lat' dir='ltr'>verbum</span> 
     </span>
     <span class='ocr_line' id='line_1_18' title="bbox 536 2359 1378 2443; baseline 0.004 -21"><span class='ocrx_word' id='word_1_131' title='bbox 536 2378 642 2441; x_wconf 91' lang='lat' dir='ltr'>usque</span> <span class='ocrx_word' id='word_1_132' title='bbox 665 2379 705 2424; x_wconf 86' lang='lat' dir='ltr'>ex</span> <span class='ocrx_word' id='word_1_133' title='bbox 728 2359 901 2424; x_wconf 89' lang='lat' dir='ltr'>Heliodori</span> <span class='ocrx_word' id='word_1_134' title='bbox 925 2360 1112 2425; x_wconf 88' lang='lat' dir='ltr'>enchiridio</span> <span class='ocrx_word' id='word_1_135' title='bbox 1136 2360 1378 2443; x_wconf 88' lang='lat' dir='ltr'>depromptam.</span> 
     </span>
    </p>

    <p class='ocr_par' dir='ltr' id='par_1_7' title="bbox 367 2461 1682 4617">
     <span class='ocr_line' id='line_1_19' title="bbox 516 2461 1682 2555; baseline 0 -29"><span class='ocrx_word' id='word_1_136' title='bbox 516 2462 665 2526; x_wconf 91' lang='lat' dir='ltr'>Primum</span> <span class='ocrx_word' id='word_1_137' title='bbox 693 2461 890 2544; x_wconf 85' lang='lat' dir='ltr'>gravissime</span> <span class='ocrx_word' id='word_1_138' title='bbox 919 2462 1122 2528; x_wconf 84' lang='lat' dir='ltr'>offendimur</span> <span class='ocrx_word' id='word_1_139' title='bbox 1150 2463 1210 2542; x_wconf 87' lang='lat' dir='ltr'>eis,</span> <span class='ocrx_word' id='word_1_140' title='bbox 1239 2483 1324 2546; x_wconf 90' lang='lat' dir='ltr'>quae</span> <span class='ocrx_word' id='word_1_141' title='bbox 1351 2463 1497 2528; x_wconf 90' lang='lat' dir='ltr'>Hensius</span> <span class='ocrx_word' id='word_1_142' title='bbox 1519 2463 1541 2527; x_wconf 91' lang='lat' dir='ltr'>l.</span> <span class='ocrx_word' id='word_1_143' title='bbox 1564 2481 1589 2526; x_wconf 90' lang='lat' dir='ltr'>c.</span> <span class='ocrx_word' id='word_1_144' title='bbox 1681 2544 1682 2555; x_wconf 14' lang='grc' dir='ltr'>μ</span> 
     </span>
     <span class='ocr_line' id='line_1_20' title="bbox 430 2564 1591 2650; baseline 0.002 -21"><span class='ocrx_word' id='word_1_145' title='bbox 430 2586 462 2649; x_wconf 93' lang='lat' dir='ltr'>p.</span> <span class='ocrx_word' id='word_1_146' title='bbox 493 2566 552 2630; x_wconf 69' lang='lat' dir='ltr'>ibt</span> <span class='ocrx_word' id='word_1_147' title='bbox 587 2564 628 2631; x_wconf 91' lang='lat' dir='ltr'>de</span> <span class='ocrx_word' id='word_1_148' title='bbox 662 2565 772 2632; x_wconf 87' lang='lat' dir='ltr'>media</span> <span class='ocrx_word' id='word_1_149' title='bbox 807 2567 1040 2632; x_wconf 88' lang='lat' dir='ltr'>commentarii</span> <span class='ocrx_word' id='word_1_150' title='bbox 1074 2570 1169 2649; x_wconf 86' lang='lat' dir='ltr'>parte</span> <span class='ocrx_word' id='word_1_151' title='bbox 1201 2567 1351 2649; x_wconf 88' lang='lat' dir='ltr'>protulit.</span> <span class='ocrx_word' id='word_1_152' title='bbox 1400 2566 1485 2632; x_wconf 86' lang='lat' dir='ltr'>Nam</span> <span class='ocrx_word' id='word_1_153' title='bbox 1517 2587 1591 2650; x_wconf 88' lang='lat' dir='ltr'>per-</span> 
     </span>
     <span class='ocr_line' id='line_1_21' title="bbox 367 2669 1591 2761; baseline 0 -28"><span class='ocrx_word' id='word_1_154' title='bbox 367 2754 371 2761; x_wconf 23' lang='lat'><em>,</em></span> <span class='ocrx_word' id='word_1_155' title='bbox 431 2670 552 2733; x_wconf 90' lang='lat' dir='ltr'>mirum</span> <span class='ocrx_word' id='word_1_156' title='bbox 576 2669 639 2734; x_wconf 91' lang='lat' dir='ltr'>sibi</span> <span class='ocrx_word' id='word_1_157' title='bbox 661 2669 757 2734; x_wconf 85' lang='lat' dir='ltr'>finxit</span> <span class='ocrx_word' id='word_1_158' title='bbox 771 2670 918 2735; x_wconf 90' lang='lat' dir='ltr'>Hensius</span> <span class='ocrx_word' id='word_1_159' title='bbox 934 2672 1196 2753; x_wconf 79' lang='lat' dir='ltr'>grammaticum.</span> <span class='ocrx_word' id='word_1_160' title='bbox 1240 2669 1374 2735; x_wconf 86' lang='lat' dir='ltr'>Etenim</span> <span class='ocrx_word' id='word_1_161' title='bbox 1396 2688 1471 2735; x_wconf 91' lang='lat' dir='ltr'>cum</span> <span class='ocrx_word' id='word_1_162' title='bbox 1495 2674 1591 2752; x_wconf 81' lang='lat' dir='ltr'>caput</span> 
     </span>
     <span class='ocr_line' id='line_1_22' title="bbox 431 2768 1590 2857; baseline 0.001 -22"><span class='ocrx_word' id='word_1_163' title='bbox 431 2772 503 2856; x_wconf 81' lang='grc' dir='ltr'>περὶ</span> <span class='ocrx_word' id='word_1_164' title='bbox 523 2768 695 2857; x_wconf 75' lang='grc' dir='ltr'>ποιήματος</span> <span class='ocrx_word' id='word_1_165' title='bbox 718 2792 796 2839; x_wconf 92' lang='lat' dir='ltr'>casu</span> <span class='ocrx_word' id='word_1_166' title='bbox 819 2774 1009 2839; x_wconf 89' lang='lat' dir='ltr'>mutilatum</span> <span class='ocrx_word' id='word_1_167' title='bbox 1032 2774 1188 2857; x_wconf 90' lang='lat' dir='ltr'>supplere</span> <span class='ocrx_word' id='word_1_168' title='bbox 1210 2774 1324 2838; x_wconf 90' lang='lat' dir='ltr'>animo</span> <span class='ocrx_word' id='word_1_169' title='bbox 1351 2775 1590 2856; x_wconf 85' lang='lat' dir='ltr'>proposuisset,</span> 
     </span>
     <span class='ocr_line' id='line_1_23' title="bbox 432 2876 1589 2961; baseline -0.002 -21"><span class='ocrx_word' id='word_1_170' title='bbox 432 2894 501 2940; x_wconf 94' lang='lat' dir='ltr'>non</span> <span class='ocrx_word' id='word_1_171' title='bbox 511 2876 684 2959; x_wconf 86' lang='lat' dir='ltr'>usurpavit</span> <span class='ocrx_word' id='word_1_172' title='bbox 695 2878 860 2960; x_wconf 88' lang='lat' dir='ltr'>ampliora</span> <span class='ocrx_word' id='word_1_173' title='bbox 870 2877 1133 2961; x_wconf 87' lang='lat' dir='ltr'>Hephaestionis</span> <span class='ocrx_word' id='word_1_174' title='bbox 1146 2897 1258 2960; x_wconf 88' lang='lat' dir='ltr'>opera,</span> <span class='ocrx_word' id='word_1_175' title='bbox 1279 2878 1339 2943; x_wconf 89' lang='lat' dir='ltr'>sed</span> <span class='ocrx_word' id='word_1_176' title='bbox 1359 2876 1403 2943; x_wconf 89' lang='lat' dir='ltr'>ad</span> <span class='ocrx_word' id='word_1_177' title='bbox 1420 2876 1589 2942; x_wconf 91' lang='lat' dir='ltr'>Heliodori</span> 
     </span>
     <span class='ocr_line' id='line_1_24' title="bbox 433 2979 1591 3063; baseline -0.001 -20"><span class='ocrx_word' id='word_1_178' title='bbox 433 2980 537 3045; x_wconf 89' lang='lat' dir='ltr'>libros</span> <span class='ocrx_word' id='word_1_179' title='bbox 572 2979 700 3063; x_wconf 78' lang='lat' dir='ltr'>refugit.</span> <span class='ocrx_word' id='word_1_180' title='bbox 745 2980 858 3063; x_wconf 87' lang='lat' dir='ltr'>Neque</span> <span class='ocrx_word' id='word_1_181' title='bbox 891 3002 971 3047; x_wconf 90' lang='lat' dir='ltr'>vero</span> <span class='ocrx_word' id='word_1_182' title='bbox 1006 2981 1088 3047; x_wconf 85' lang='lat' dir='ltr'>satis</span> <span class='ocrx_word' id='word_1_183' title='bbox 1121 2981 1238 3045; x_wconf 91' lang='lat' dir='ltr'>babuit</span> <span class='ocrx_word' id='word_1_184' title='bbox 1269 2980 1442 3046; x_wconf 88' lang='lat' dir='ltr'>Heliodori</span> <span class='ocrx_word' id='word_1_185' title='bbox 1469 2980 1591 3045; x_wconf 86' lang='lat' dir='ltr'>scrinia</span> 
     </span>
     <span class='ocr_line' id='line_1_25' title="bbox 433 3076 1591 3169; baseline -0.002 -22"><span class='ocrx_word' id='word_1_186' title='bbox 433 3084 644 3165; x_wconf 80' lang='lat' dir='ltr'>compilasse,</span> <span class='ocrx_word' id='word_1_187' title='bbox 657 3084 717 3148; x_wconf 91' lang='lat' dir='ltr'>sed</span> <span class='ocrx_word' id='word_1_188' title='bbox 728 3092 790 3161; x_wconf 84' lang='grc' dir='ltr'>τοῖς</span> <span class='ocrx_word' id='word_1_189' title='bbox 802 3076 1041 3169; x_wconf 83' lang='grc' dir='ltr'>ἀπολελομὲνοις</span> <span class='ocrx_word' id='word_1_190' title='bbox 1052 3084 1189 3150; x_wconf 91' lang='lat' dir='ltr'>omissis</span> <span class='ocrx_word' id='word_1_191' title='bbox 1200 3084 1440 3149; x_wconf 89' lang='lat' dir='ltr'>nonnullorum</span> <span class='ocrx_word' id='word_1_192' title='bbox 1450 3084 1591 3147; x_wconf 86' lang='lat' dir='ltr'>aliorum</span> 
     </span>
     <span class='ocr_line' id='line_1_26' title="bbox 431 3187 1591 3271; baseline -0.001 -20"><span class='ocrx_word' id='word_1_193' title='bbox 431 3205 590 3268; x_wconf 80' lang='lat' dir='ltr'>generum</span> <span class='ocrx_word' id='word_1_194' title='bbox 617 3187 861 3269; x_wconf 89' lang='lat' dir='ltr'>descriptiones</span> <span class='ocrx_word' id='word_1_195' title='bbox 884 3188 957 3270; x_wconf 91' lang='lat' dir='ltr'>ipse</span> <span class='ocrx_word' id='word_1_196' title='bbox 985 3188 1193 3271; x_wconf 82' lang='lat' dir='ltr'>excogitavit.</span> <span class='ocrx_word' id='word_1_197' title='bbox 1236 3189 1395 3253; x_wconf 87' lang='lat' dir='ltr'>Attamen</span> <span class='ocrx_word' id='word_1_198' title='bbox 1427 3206 1484 3251; x_wconf 87' lang='lat' dir='ltr'>eas</span> <span class='ocrx_word' id='word_1_199' title='bbox 1512 3205 1591 3269; x_wconf 92' lang='lat' dir='ltr'>quo·</span> 
     </span>
     <span class='ocr_line' id='line_1_27' title="bbox 433 3288 1592 3371; baseline -0.002 -19"><span class='ocrx_word' id='word_1_200' title='bbox 433 3308 497 3371; x_wconf 93' lang='lat' dir='ltr'>que</span> <span class='ocrx_word' id='word_1_201' title='bbox 512 3288 671 3366; x_wconf 90' lang='lat' dir='ltr'>indidem,</span> <span class='ocrx_word' id='word_1_202' title='bbox 694 3288 783 3353; x_wconf 93' lang='lat' dir='ltr'>unde</span> <span class='ocrx_word' id='word_1_203' title='bbox 800 3294 929 3355; x_wconf 88' lang='lat' dir='ltr'>ceteras</span> <span class='ocrx_word' id='word_1_204' title='bbox 945 3290 1068 3368; x_wconf 85' lang='lat' dir='ltr'>hausit,</span> <span class='ocrx_word' id='word_1_205' title='bbox 1092 3289 1290 3371; x_wconf 88' lang='lat' dir='ltr'>depromere</span> <span class='ocrx_word' id='word_1_206' title='bbox 1313 3290 1344 3354; x_wconf 91' lang='lat' dir='ltr'>ei</span> <span class='ocrx_word' id='word_1_207' title='bbox 1366 3288 1469 3354; x_wconf 90' lang='lat' dir='ltr'>licuit.</span> <span class='ocrx_word' id='word_1_208' title='bbox 1507 3288 1592 3353; x_wconf 86' lang='lat' dir='ltr'>Nam</span> 
     </span>
     <span class='ocr_line' id='line_1_28' title="bbox 434 3390 1679 3480; baseline -0.002 -25"><span class='ocrx_word' id='word_1_209' title='bbox 434 3392 461 3455; x_wconf 90' lang='lat' dir='ltr'>si</span> <span class='ocrx_word' id='word_1_210' title='bbox 485 3392 623 3456; x_wconf 89' lang='lat' dir='ltr'>omnino</span> <span class='ocrx_word' id='word_1_211' title='bbox 648 3391 689 3455; x_wconf 89' lang='lat' dir='ltr'>de</span> <span class='ocrx_word' id='word_1_212' title='bbox 712 3391 900 3457; x_wconf 84' lang='lat' dir='ltr'>carminum</span> <span class='ocrx_word' id='word_1_213' title='bbox 923 3393 1102 3475; x_wconf 81' lang='lat' dir='ltr'>generibus</span> <span class='ocrx_word' id='word_1_214' title='bbox 1125 3391 1328 3457; x_wconf 86' lang='lat' dir='ltr'>Heliodorus</span> <span class='ocrx_word' id='word_1_215' title='bbox 1351 3392 1386 3455; x_wconf 92' lang='lat' dir='ltr'>in</span> <span class='ocrx_word' id='word_1_216' title='bbox 1407 3390 1590 3456; x_wconf 88' lang='lat' dir='ltr'>enchiridio</span> <span class='ocrx_word' id='word_1_217' title='bbox 1678 3475 1679 3480; x_wconf 8' lang='grc' dir='ltr'>ἵ</span> 
     </span>
     <span class='ocr_line' id='line_1_29' title="bbox 431 3490 1591 3579; baseline -0.001 -22"><span class='ocrx_word' id='word_1_218' title='bbox 431 3494 534 3559; x_wconf 85' lang='lat' dir='ltr'>verba</span> <span class='ocrx_word' id='word_1_219' title='bbox 562 3494 649 3573; x_wconf 89' lang='lat' dir='ltr'>fecit,</span> <span class='ocrx_word' id='word_1_220' title='bbox 678 3494 755 3558; x_wconf 87' lang='lat' dir='ltr'>fecit</span> <span class='ocrx_word' id='word_1_221' title='bbox 785 3499 875 3560; x_wconf 86' lang='lat' dir='ltr'>certe</span> <span class='ocrx_word' id='word_1_222' title='bbox 906 3494 948 3560; x_wconf 89' lang='lat' dir='ltr'>de</span> <span class='ocrx_word' id='word_1_223' title='bbox 976 3495 1154 3578; x_wconf 83' lang='lat' dir='ltr'>generibus</span> <span class='ocrx_word' id='word_1_224' title='bbox 1183 3494 1266 3559; x_wconf 77' lang='grc' dir='ltr'>κατὰ</span> <span class='ocrx_word' id='word_1_225' title='bbox 1295 3493 1410 3579; x_wconf 85' lang='grc' dir='ltr'>σχέσιν,</span> <span class='ocrx_word' id='word_1_226' title='bbox 1440 3490 1591 3558; x_wconf 73' lang='lat' dir='ltr'>dauleio</span> 
     </span>
     <span class='ocr_line' id='line_1_30' title="bbox 432 3595 1590 3684; baseline -0.001 -23"><span class='ocrx_word' id='word_1_227' title='bbox 432 3596 541 3684; x_wconf 78' lang='grc' dir='ltr'>μένοις,</span> <span class='ocrx_word' id='word_1_228' title='bbox 565 3595 732 3683; x_wconf 80' lang='grc' dir='ltr'>ὲξόμοίων,</span> <span class='ocrx_word' id='word_1_229' title='bbox 778 3598 915 3663; x_wconf 88' lang='lat' dir='ltr'>Minime</span> <span class='ocrx_word' id='word_1_230' title='bbox 936 3598 1039 3664; x_wconf 84' lang='lat' dir='ltr'>talem</span> <span class='ocrx_word' id='word_1_231' title='bbox 1061 3599 1237 3682; x_wconf 90' lang='lat' dir='ltr'>supplendi</span> <span class='ocrx_word' id='word_1_232' title='bbox 1254 3599 1419 3664; x_wconf 85' lang='lat' dir='ltr'>rationem</span> <span class='ocrx_word' id='word_1_233' title='bbox 1436 3618 1477 3663; x_wconf 80' lang='lat' dir='ltr'>ex</span> <span class='ocrx_word' id='word_1_234' title='bbox 1499 3617 1590 3662; x_wconf 88' lang='lat' dir='ltr'>more</span> 
     </span>
     <span class='ocr_line' id='line_1_31' title="bbox 433 3700 1678 3787; baseline 0.003 -21"><span class='ocrx_word' id='word_1_235' title='bbox 433 3701 725 3785; x_wconf 84' lang='lat' dir='ltr'>grammaticorum</span> <span class='ocrx_word' id='word_1_236' title='bbox 764 3700 880 3782; x_wconf 85' lang='lat' dir='ltr'>tuisse,</span> <span class='ocrx_word' id='word_1_237' title='bbox 908 3701 1151 3787; x_wconf 85' lang='lat' dir='ltr'>profitebuntur</span> <span class='ocrx_word' id='word_1_238' title='bbox 1184 3703 1303 3767; x_wconf 86' lang='lat' dir='ltr'>harum</span> <span class='ocrx_word' id='word_1_239' title='bbox 1338 3720 1448 3766; x_wconf 87' lang='lat' dir='ltr'>rerum</span> <span class='ocrx_word' id='word_1_240' title='bbox 1481 3700 1590 3785; x_wconf 90' lang='lat' dir='ltr'>periti:</span> <span class='ocrx_word' id='word_1_241' title='bbox 1677 3755 1678 3770; x_wconf 68' lang='lat'><strong>.</strong></span> 
     </span>
     <span class='ocr_line' id='line_1_32' title="bbox 433 3803 1591 3889; baseline -0.003 -19"><span class='ocrx_word' id='word_1_242' title='bbox 433 3805 523 3888; x_wconf 93' lang='lat' dir='ltr'>quod</span> <span class='ocrx_word' id='word_1_243' title='bbox 542 3805 570 3869; x_wconf 91' lang='lat' dir='ltr'>si</span> <span class='ocrx_word' id='word_1_244' title='bbox 591 3803 800 3870; x_wconf 89' lang='lat' dir='ltr'>concesseris</span> <span class='ocrx_word' id='word_1_245' title='bbox 817 3806 923 3870; x_wconf 90' lang='lat' dir='ltr'>oritur</span> <span class='ocrx_word' id='word_1_246' title='bbox 941 3805 1008 3870; x_wconf 90' lang='lat' dir='ltr'>iam</span> <span class='ocrx_word' id='word_1_247' title='bbox 1020 3805 1166 3889; x_wconf 92' lang='lat' dir='ltr'>suspicio</span> <span class='ocrx_word' id='word_1_248' title='bbox 1178 3805 1431 3889; x_wconf 85' lang='lat' dir='ltr'>grammaticum</span> <span class='ocrx_word' id='word_1_249' title='bbox 1443 3803 1535 3869; x_wconf 92' lang='lat' dir='ltr'>illum</span> <span class='ocrx_word' id='word_1_250' title='bbox 1559 3824 1591 3868; x_wconf 88' lang='lat' dir='ltr'>re</span> 
     </span>
     <span class='ocr_line' id='line_1_33' title="bbox 433 3908 1590 3993; baseline 0 -21"><span class='ocrx_word' id='word_1_251' title='bbox 433 3928 511 3974; x_wconf 89' lang='lat' dir='ltr'>vera</span> <span class='ocrx_word' id='word_1_252' title='bbox 534 3928 698 3992; x_wconf 87' lang='lat' dir='ltr'>nusquam</span> <span class='ocrx_word' id='word_1_253' title='bbox 722 3908 883 3975; x_wconf 88' lang='lat' dir='ltr'>extitisse.</span> <span class='ocrx_word' id='word_1_254' title='bbox 928 3910 1034 3974; x_wconf 89' lang='lat' dir='ltr'>Porro</span> <span class='ocrx_word' id='word_1_255' title='bbox 1058 3910 1101 3974; x_wconf 87' lang='lat' dir='ltr'>ad</span> <span class='ocrx_word' id='word_1_256' title='bbox 1124 3930 1200 3975; x_wconf 92' lang='lat' dir='ltr'>eum</span> <span class='ocrx_word' id='word_1_257' title='bbox 1215 3930 1314 3993; x_wconf 89' lang='lat' dir='ltr'>quem</span> <span class='ocrx_word' id='word_1_258' title='bbox 1328 3908 1475 3974; x_wconf 88' lang='lat' dir='ltr'>Hensius</span> <span class='ocrx_word' id='word_1_259' title='bbox 1491 3908 1590 3973; x_wconf 87' lang='lat' dir='ltr'>voluit</span> 
     </span>
     <span class='ocr_line' id='line_1_34' title="bbox 433 4012 1677 4097; baseline -0.002 -20"><span class='ocrx_word' id='word_1_260' title='bbox 433 4012 664 4078; x_wconf 87' lang='lat' dir='ltr'>commentarii</span> <span class='ocrx_word' id='word_1_261' title='bbox 697 4012 711 4077; x_wconf 95' lang='lat' dir='ltr'>l</span> <span class='ocrx_word' id='word_1_262' title='bbox 745 4012 912 4079; x_wconf 87' lang='lat' dir='ltr'>detectum</span> <span class='ocrx_word' id='word_1_263' title='bbox 953 4012 1197 4097; x_wconf 86' lang='lat' dir='ltr'>expediendum</span> <span class='ocrx_word' id='word_1_264' title='bbox 1231 4017 1416 4078; x_wconf 84' lang='lat' dir='ltr'>statuamus</span> <span class='ocrx_word' id='word_1_265' title='bbox 1455 4032 1592 4077; x_wconf 85' lang='lat' dir='ltr'>necesse</span> <span class='ocrx_word' id='word_1_266' title='bbox 1676 4053 1677 4074; x_wconf 54' lang='lat' dir='ltr'>r</span> 
     </span>
     <span class='ocr_line' id='line_1_35' title="bbox 433 4113 1677 4198; baseline -0.001 -17"><span class='ocrx_word' id='word_1_267' title='bbox 433 4122 484 4182; x_wconf 90' lang='lat' dir='ltr'>est</span> <span class='ocrx_word' id='word_1_268' title='bbox 507 4136 622 4181; x_wconf 87' lang='lat' dir='ltr'>casum</span> <span class='ocrx_word' id='word_1_269' title='bbox 646 4117 687 4180; x_wconf 87' lang='lat' dir='ltr'>ab</span> <span class='ocrx_word' id='word_1_270' title='bbox 723 4117 1436 4182; x_wconf 85' lang='lat' dir='ltr'>omnivorisimilitudineabhorrentem.</span> <span class='ocrx_word' id='word_1_271' title='bbox 1480 4116 1591 4198; x_wconf 83' lang='lat' dir='ltr'>Largi-</span> <span class='ocrx_word' id='word_1_272' title='bbox 1676 4113 1677 4150; x_wconf 61' lang='lat' dir='ltr'>l</span> 
     </span>
     <span class='ocr_line' id='line_1_36' title="bbox 432 4219 1592 4304; baseline -0.002 -20"><span class='ocrx_word' id='word_1_273' title='bbox 432 4240 526 4284; x_wconf 88' lang='lat' dir='ltr'>amur</span> <span class='ocrx_word' id='word_1_274' title='bbox 548 4220 729 4303; x_wconf 86' lang='lat' dir='ltr'>paulisper,</span> <span class='ocrx_word' id='word_1_275' title='bbox 758 4222 847 4304; x_wconf 92' lang='lat' dir='ltr'>quod</span> <span class='ocrx_word' id='word_1_276' title='bbox 869 4222 924 4285; x_wconf 80' lang='lat' dir='ltr'>vix</span> <span class='ocrx_word' id='word_1_277' title='bbox 948 4222 1124 4304; x_wconf 90' lang='lat' dir='ltr'>quisquam</span> <span class='ocrx_word' id='word_1_278' title='bbox 1146 4219 1314 4303; x_wconf 82' lang='lat' dir='ltr'>largietur,</span> <span class='ocrx_word' id='word_1_279' title='bbox 1337 4239 1404 4284; x_wconf 93' lang='lat' dir='ltr'>uno</span> <span class='ocrx_word' id='word_1_280' title='bbox 1427 4220 1478 4283; x_wconf 87' lang='lat' dir='ltr'>vel</span> <span class='ocrx_word' id='word_1_281' title='bbox 1502 4238 1592 4285; x_wconf 82' lang='lat' dir='ltr'>con]-</span> 
     </span>
     <span class='ocr_line' id='line_1_37' title="bbox 431 4321 1676 4407; baseline 0 -20"><span class='ocrx_word' id='word_1_282' title='bbox 431 4324 582 4405; x_wconf 91' lang='lat' dir='ltr'>pluribus</span> <span class='ocrx_word' id='word_1_283' title='bbox 613 4323 703 4388; x_wconf 88' lang='lat' dir='ltr'>foliis</span> <span class='ocrx_word' id='word_1_284' title='bbox 733 4324 915 4407; x_wconf 88' lang='lat' dir='ltr'>deperditis</span> <span class='ocrx_word' id='word_1_285' title='bbox 945 4326 1177 4390; x_wconf 89' lang='lat' dir='ltr'>commentarii</span> <span class='ocrx_word' id='word_1_286' title='bbox 1200 4323 1335 4388; x_wconf 77' lang='lat' dir='ltr'>limem</span> <span class='ocrx_word' id='word_1_287' title='bbox 1358 4343 1434 4387; x_wconf 86' lang='lat' dir='ltr'>esse</span> <span class='ocrx_word' id='word_1_288' title='bbox 1458 4323 1591 4389; x_wconf 89' lang='lat' dir='ltr'>detrun·</span> <span class='ocrx_word' id='word_1_289' title='bbox 1675 4321 1676 4370; x_wconf 58' lang='grc' dir='ltr'>ἒ</span> 
     </span>
     <span class='ocr_line' id='line_1_38' title="bbox 433 4425 1590 4511; baseline -0.002 -20"><span class='ocrx_word' id='word_1_290' title='bbox 433 4431 553 4507; x_wconf 89' lang='lat' dir='ltr'>catum,</span> <span class='ocrx_word' id='word_1_291' title='bbox 582 4446 728 4510; x_wconf 86' lang='lat' dir='ltr'>quonam</span> <span class='ocrx_word' id='word_1_292' title='bbox 757 4448 837 4493; x_wconf 90' lang='lat' dir='ltr'>casu</span> <span class='ocrx_word' id='word_1_293' title='bbox 863 4430 963 4511; x_wconf 87' lang='lat' dir='ltr'>plane</span> <span class='ocrx_word' id='word_1_294' title='bbox 991 4428 1130 4493; x_wconf 87' lang='lat' dir='ltr'>mirilico</span> <span class='ocrx_word' id='word_1_295' title='bbox 1160 4448 1201 4491; x_wconf 83' lang='lat' dir='ltr'>ex</span> <span class='ocrx_word' id='word_1_296' title='bbox 1230 4425 1340 4491; x_wconf 90' lang='lat' dir='ltr'>medio</span> <span class='ocrx_word' id='word_1_297' title='bbox 1370 4425 1427 4490; x_wconf 92' lang='lat' dir='ltr'>illo</span> <span class='ocrx_word' id='word_1_298' title='bbox 1463 4427 1590 4491; x_wconf 84' lang='lat' dir='ltr'>defectu</span> 
     </span>
     <span class='ocr_line' id='line_1_39' title="bbox 433 4528 1589 4617; baseline -0.002 -22"><span class='ocrx_word' id='word_1_299' title='bbox 433 4532 527 4613; x_wconf 90' lang='lat' dir='ltr'>quasi</span> <span class='ocrx_word' id='word_1_300' title='bbox 544 4532 664 4597; x_wconf 85' lang='lat' dir='ltr'>rudera</span> <span class='ocrx_word' id='word_1_301' title='bbox 680 4537 914 4597; x_wconf 86' lang='lat' dir='ltr'>remanserunt</span> <span class='ocrx_word' id='word_1_302' title='bbox 929 4529 1059 4617; x_wconf 81' lang='grc' dir='ltr'>μετρικοὶ</span> <span class='ocrx_word' id='word_1_303' title='bbox 1074 4528 1216 4596; x_wconf 69' lang='lat' dir='ltr'>iccata?</span> <span class='ocrx_word' id='word_1_304' title='bbox 1260 4530 1407 4596; x_wconf 89' lang='lat' dir='ltr'>Hensius</span> <span class='ocrx_word' id='word_1_305' title='bbox 1424 4530 1589 4613; x_wconf 86' lang='lat' dir='ltr'>quomodo</span> 
     </span>
    </p>
   </div>
   <div class='ocr_carea' id='block_1_3' title="bbox 0 0 1735 5200">
    <p class='ocr_par' dir='ltr' id='par_1_8' title="bbox 0 0 1735 5200">
     <span class='ocr_line' id='line_1_40' title="bbox 0 0 1735 5200; baseline 0 0"><span class='ocrx_word' id='word_1_306' title='bbox 0 0 1735 5200; x_wconf 95' lang='lat' dir='ltr'> </span> 
     </span>
    </p>
   </div>
  </div>
 </body>
</html>
