3459 5200
161 700 347 783 sumpsisse
375 700 506 767 dicitur.
551 700 619 767 Sed
648 700 676 765 si
704 699 896 783 diligentius
930 701 1148 781 attendimus,
1181 702 1377 785 plerumque

162 813 293 896 singula
314 833 389 879 esse
403 813 566 879 vocabula
580 812 743 891 videmus,
767 832 851 895 quae
874 813 918 878 ab
940 813 1087 897 antiquis
1109 818 1279 880 mutuatus
1302 834 1378 879 esse

159 929 305 1009 putatur.
350 924 411 993 Cui
433 926 630 991 imitationis
653 925 768 1008 generi
791 926 930 991 omnino
954 926 1171 997 diffidendum
1194 932 1255 1005 est,
1277 946 1377 1009 prae·

162 1040 279 1105 sertim
301 1040 330 1105 si
347 1038 388 1105 de
404 1038 540 1105 comicis
557 1039 674 1123 agitur.
709 1036 773 1114 Qui
797 1056 873 1103 curn
897 1038 986 1121 quod
1007 1044 1240 1120 argumentum
1262 1043 1378 1122 postu·

162 1150 263 1230 labat,
292 1155 362 1217 tum
391 1151 481 1235 quod
508 1150 659 1216 nondum
683 1150 860 1233 diligenter
891 1151 979 1216 inter
999 1152 1089 1233 vulgi
1117 1153 1150 1217 et
1176 1153 1377 1236 scriptorum

161 1282 353 1330 sermonem
382 1263 658 1344 distinguebatur,
690 1262 865 1345 permultis
893 1263 946 1327 usi
975 1267 1054 1327 sunt
1075 1265 1258 1343 vocabulis,
1292 1284 1377 1348 quae

161 1380 282 1460 postea
305 1376 468 1459 imprimis
493 1395 534 1443 ex
557 1375 753 1443 elatioribus
776 1376 964 1441 litterarum
979 1376 1158 1457 generibus
1174 1376 1237 1443 eici
1260 1381 1379 1460 coepta

162 1492 250 1555 sunt.
306 1488 379 1567 Qua
411 1488 446 1553 in
479 1508 515 1553 re
549 1490 692 1571 septimo
725 1488 819 1554 urbis
858 1488 992 1553 saeculo
1032 1488 1168 1555 ineunte
1200 1490 1377 1572 Scipiones

161 1600 361 1681 (Mommsen
393 1600 452 1667 RG
479 1597 528 1667 Π8
556 1600 621 1665 430
654 1602 728 1683 sq),
761 1604 904 1665 exeunte
937 1600 1055 1667 Cicero
1088 1602 1288 1679 elaboravit3
1321 1602 1377 1685 qui

161 1713 340 1796 praecipue
363 1714 398 1779 in
421 1712 470 1779 eis
493 1713 712 1791 orationibus,
747 1732 830 1795 quas
852 1716 1012 1795 provecta
1033 1718 1142 1779 aetate
1166 1714 1377 1797 conscripsit,

162 1826 267 1891 multa
289 1844 420 1891 summa
442 1844 522 1891 cura
543 1824 669 1903 vitavit,
696 1844 781 1907 quae
804 1824 933 1908 etipse
955 1827 990 1891 iu
1012 1826 1130 1908 primis
1153 1827 1378 1910 extremisque

161 1938 370 2004 orationibus
387 1942 420 2003 et
435 1939 470 2003 iu
485 1937 560 2003 aliis
576 1936 761 2002 litterarum
776 1938 966 2020 generibus,
980 1940 1158 2021 praecipue
1174 1940 1210 2004 in
1225 1938 1378 2021 epistulis

160 2050 327 2133 admisit¹l
343 2069 451 2134 neque
466 2050 523 2117 alii
538 2050 705 2133 aequales,
728 2053 765 2115 ut
779 2049 959 2116 Sallustius
971 2052 1076 2117 Varro
1092 2052 1198 2117 Pollio
1214 2051 1380 2133 (wolfflin

162 2165 262 2230 Areh.
278 2164 320 2229 Vl
334 2164 506 2246 84-106),
529 2182 677 2246 unquam
700 2161 857 2245 fugienda
880 2182 956 2228 esse
978 2165 1132 2230 arbitrati
1148 2168 1237 2230 sunt.
1270 2166 1379 2230 Voluit

161 2278 273 2341 autem
297 2275 470 2342 Ciceronis
505 2277 589 2341 ratio
623 2275 767 2340 maxime
790 2276 880 2357 apud
908 2296 977 2354 eos,
1012 2276 1068 2360 qui
1102 2277 1224 2342 similia
1256 2296 1379 2359 genera

161 2388 375 2465 excolebant3
398 2388 487 2453 velut
509 2387 638 2454 Plinius
662 2388 762 2451 etiam
785 2388 820 2452 in
844 2388 996 2470 epistulis
1019 2390 1201 2470 purissimo
1223 2410 1305 2454 usus
1327 2393 1380 2453 est

162 2520 328 2579 sermone,
352 2502 484 2584 qualem
506 2502 542 2565 in
566 2500 630 2565 hoc
652 2518 774 2581 genere
797 2520 840 2566 ne
856 2500 973 2565 Cicero
989 2500 1124 2583 quidem
1139 2501 1377 2567 adfectaverat.

162 2614 230 2682 Sed
253 2634 327 2680 oum
351 2615 385 2679 in
418 2613 489 2678 dies
517 2614 623 2696 magis
651 2613 789 2696 planum
818 2613 914 2678 fieret
945 2615 1033 2679 hanc
1066 2614 1278 2680 imminutam
1305 2635 1379 2680 rer·

162 2729 281 2793 borum
315 2728 445 2811 copiam
480 2746 548 2791 non
583 2725 744 2804 sufficere,
778 2727 980 2792 exstiterunt
1013 2727 1069 2808 qui
1097 2727 1224 2809 legibus
1253 2729 1378 2792 severis

161 2839 344 2924 antiquatis
367 2839 410 2905 ad
425 2839 535 2904 vivum
559 2857 751 2904 sermonem
774 2837 924 2904 redirent
945 2857 986 2902 ex
1009 2859 1115 2922 eoque
1135 2840 1211 2922 plus
1225 2839 1379 2905 minusve

163 2953 349 3035 reciperent
372 2953 406 3016 in
430 2953 569 3016 litteras.
607 2949 680 3028 Quo
704 2951 739 3015 in
761 2968 884 3032 genere
907 2951 1085 3016 clarissimi
1108 2952 1276 3018 habentur
1290 2953 1379 3018 Afri·

163 3065 247 3143 cani,
283 3064 337 3146 qui
366 3082 434 3128 non
461 3065 562 3128 modo
585 3064 688 3128 verba
709 3063 931 3129 intermortua
952 3082 993 3127 ex
1015 3065 1136 3145 priscis
1159 3066 1379 3149 scriptoribus

163 3177 317 3258 aucupati
342 3178 430 3254 sunt,
454 3176 514 3240 sed
530 3176 630 3240 etiam
646 3175 745 3258 primi
762 3176 923 3251 omnium,
946 3180 983 3240 ut
1005 3177 1146 3253 videtur,
1167 3180 1272 3244 multa
1294 3199 1379 3262 quae

162 3288 239 3353 inde
263 3309 283 3354 a
306 3289 478 3356 Ciceronis
502 3287 721 3372 Caesarisque
750 3291 859 3354 aetate
882 3289 1045 3354 alitteris
1074 3291 1209 3356 exclusa
1237 3291 1379 3368 luerent,

163 3402 235 3466 sine
258 3401 326 3466 ulla
349 3401 557 3466 dubitatione
580 3399 819 3478 adhibuerunt;
848 3405 1114 3468 consentaneum
1136 3406 1248 3468 autem
1270 3408 1322 3468 est
1344 3405 1380 3468 in

147 3515 214 3579 -his
238 3513 327 3578 haud
342 3533 448 3595 pauca
464 3533 538 3577 esse
555 3516 654 3580 autea
676 3514 765 3596 apud
788 3513 878 3578 solos
892 3518 1043 3579 vetustos
1065 3513 1247 3596 scriptores
1271 3516 1378 3581 obvia.

162 3626 387 3707 Maximopere
411 3627 511 3708 igitur
535 3625 719 3692 cavendum
742 3629 803 3704 est,
827 3627 976 3708 nequod
999 3627 1119 3708 evulgi
1144 3647 1299 3693 sermone
1323 3627 1379 3693 de-

161 3733 353 3821 promptum
370 3742 431 3816 est,
455 3743 512 3804 aut
526 3739 683 3804 Alrorum
699 3739 873 3822 proprium
894 3744 951 3806 aut
966 3760 1007 3805 ex
1022 3738 1143 3822 priscis
1160 3740 1379 3823 scriptoribus

162 3852 338 3935 repetitum
360 3851 557 3934 putemus.²)
602 3852 822 3936 Symmachus
845 3856 957 3918 autern
984 3873 1005 3917 a
1026 3852 1218 3934 vulgaribus
1242 3854 1262 3918 i.
1285 3873 1314 3917 e.
1337 3855 1380 3918 ab

252 4061 271 4130 ¹)
290 4059 329 4114 Cf.
342 4059 494 4115 Hauschild
513 4059 578 4113 diss.
592 4059 653 4114 llal.
667 4059 701 4113 Vl
714 4061 765 4113 935
777 4077 838 4128 sqq.
866 4059 1010 4113 llellmuth
1022 4064 1075 4112 act
1103 4059 1214 4126 Erlang.
1226 4059 1239 4112 l
1253 4059 1300 4112 101
1317 4077 1384 4128 sqq.-

248 4145 318 4215 'lln
337 4152 456 4216 utroque
479 4152 638 4202 erraverunt
661 4147 710 4200 viri
735 4147 821 4210 docti;
848 4163 943 4202 verum
965 4147 1092 4201 viderunt
1117 4147 1211 4210 Ebert,
1237 4146 1335 4202 Geseh.
1355 4149 1380 4201 d.

162 4237 226 4290 Litt.
246 4236 270 4288 d.
290 4234 463 4289 liittelalters
487 4233 516 4288 1¹
535 4235 569 4288 35
596 4233 762 4302 Petschenig
788 4234 869 4288 Arch.
893 4233 929 4288 VI
947 4235 998 4288 269
1025 4235 1177 4289 llommsen
1200 4237 1247 4290 RG
1271 4236 1382 4289 v1658

162 4323 238 4376 adm:
258 4321 382 4386 „freilicb
401 4321 438 4375 ist
456 4321 537 4374 dabei
551 4319 633 4374 'nicht
651 4338 684 4374 zu
703 4320 867 4384 llbersehen,
887 4321 939 4380 dass
958 4321 1007 4374 wir
1025 4323 1075 4376 das
1094 4321 1283 4390 Vulgarlatein
1301 4323 1380 4377 llber-

162 4409 250 4478 haupt
263 4408 463 4476 rorzugsweise
483 4425 532 4462 aus
552 4407 756 4462 alrikanischen
770 4409 889 4476 Quellen
907 4409 1016 4462 konnen
1033 4410 1091 4463 und
1110 4410 1164 4468 dall
1177 4410 1228 4464 der
1237 4409 1381 4465 Nachweis

163 4498 211 4550 der
229 4497 446 4564 Beschrdnlung
470 4498 518 4550 der
543 4495 686 4550 einzelnen
705 4496 996 4565 Spraoherscheinuug
1020 4496 1070 4550 auf
1084 4497 1180 4550 Afrika
1198 4497 1302 4551 ebenso
1321 4503 1380 4552 uot-

163 4584 271 4651 wendig
294 4584 345 4638 wie
369 4585 547 4653 grtlsstenteils
571 4585 738 4639 unerbrachl
755 4585 798 4640 ist.
835 4584 872 4639 Es
890 4585 945 4652 gab
963 4584 1188 4638 nebeueinander
1205 4587 1313 4639 sowohl
1332 4586 1381 4640 all·

165 4671 272 4738 gemein
300 4671 514 4739 gebrauchliche
542 4672 733 4740 Vulgarismen
760 4673 812 4726 wie
842 4671 1028 4726 attilanische
1058 4672 1303 4728 Prorinzialismen
1322 4715 1329 4730 .
1347 4713 1381 4728 ..

165 4759 231 4811 aber
249 4759 302 4820 dass
321 4759 438 4814 Formen
457 4760 508 4814 wie
527 4761 680 4828 glorificare
700 4801 705 4814 .
725 4801 731 4814 .
751 4802 755 4812 .
776 4777 809 4814 cu
828 4761 878 4816 der
895 4761 1010 4815 zweiteu
1028 4760 1174 4830 llategon'e
1193 4761 1324 4830 geheren,
1346 4762 1383 4818 ist
