3459 5200
936 539 1056 634 -.,86,

584 745 682 810 τοίνυν
706 743 918 830 μονόστροφὸν
942 745 1005 808 ἐστι
1027 742 1147 829 στροφὴ
1170 741 1225 808 σὺν
1246 737 1447 829 ἀντιστρόφῳ.

584 841 727 933 ἀνόμοιον
750 846 767 910 ὁ
790 846 924 930 ἐπῳδός·
948 845 987 912 τοὶ
1008 846 1070 933 γὰρ
1093 846 1232 932 ἐπῳδικοὶ
1253 869 1287 910 τε

583 949 658 1016 ὅταν
681 948 811 1034 στροφὴ,
835 943 1036 1035 ἀντίστροφος
1058 952 1112 1014 καὶ
1135 950 1255 1034 ἐπῳδὸς
1276 948 1428 1035 ωγχοὶνφ.

435 1071 476 1136 Et
498 1071 586 1137 hanc
610 1071 836 1137 definitionem
861 1077 894 1136 et
917 1092 990 1136 earn
1015 1092 1114 1154 quam
1132 1073 1260 1155 profert
1276 1073 1484 1155 Hephaestio
1501 1072 1606 1154 signi-

435 1175 509 1238 tlcat
543 1177 681 1241 Tzetzcs
715 1198 747 1259 p.
776 1177 825 1254 73,
849 1178 954 1240 2-3.
1006 1176 1157 1258 Denique
1187 1176 1342 1241 conferas
1372 1177 1478 1241 schol.
1507 1176 1606 1240 Pind.

435 1279 530 1360 Pylh.
555 1281 594 1343 Vl
623 1280 687 1343 ἔστι
721 1280 756 1343 δὲ
783 1271 804 1363 ἡ
833 1275 900 1364 ᾠδὴ
930 1275 1154 1365 μονόστροφος·
1183 1279 1216 1342 αἱ
1238 1278 1272 1342 δὲ
1300 1275 1505 1364 ρονόστροφοτ
1528 1276 1607 1343 ἀντι-

437 1381 586 1466 στρόφους
608 1384 716 1469 ἔχουσι
738 1381 793 1459 τοὶς
816 1382 953 1467 στροφὰς
976 1379 1137 1466 ἀλλήλαις,
1160 1381 1241 1446 ὥστε
1263 1384 1315 1445 ἴσα
1338 1383 1414 1446 εἶναι
1436 1380 1475 1446 τοί
1497 1404 1533 1446 τε
1553 1382 1608 1466 τῆς

437 1485 572 1568 στροφῆς
605 1489 659 1549 καὶ
692 1483 904 1570 ἀντιστρόφου.
959 1485 1057 1568 Apud
1091 1485 1248 1550 Aristidis
1286 1491 1457 1551 auctorem
1493 1490 1605 1550 utrum

438 1591 551 1652 secuta
575 1589 618 1652 sit
642 1589 829 1671 explicatio,
854 1609 919 1671 qua
943 1589 1092 1671 singulae
1115 1587 1246 1674 διμερῶν
1266 1591 1406 1672 speeies,
1431 1590 1465 1652 in
1486 1589 1605 1672 quibus

438 1692 586 1755 carmina
621 1693 718 1757 huius
753 1693 843 1756 modi
874 1691 1006 1757 ABAB
1036 1696 1068 1756 et
1098 1693 1242 1757 fortasse
1269 1692 1368 1756 huius
1398 1691 1534 1756 AABB
1556 1692 1606 1755 vel

438 1794 677 1869 AABB...c‚
703 1800 918 1860 enumeratae
941 1797 1079 1873 fuerint,
1110 1815 1217 1859 necne
1247 1815 1335 1859 nunc
1363 1796 1432 1860 iam
1461 1795 1607 1860 discerni

438 1899 563 1982 nequit.

524 2003 652 2084 Duplex
675 2003 709 2066 in
733 2003 781 2065 eis
806 2022 890 2086 quac
913 2004 948 2066 in
964 2003 1017 2084 §cl
1036 2006 1220 2084 sequuntur
1243 2001 1445 2066 describitur
1468 2022 1607 2085 respon·

441 2106 547 2170 sionis
581 2126 702 2187 genus,
737 2107 879 2170 alterum
912 2107 1067 2189 aequale,
1103 2126 1176 2169 cum
1204 2105 1314 2187 primo
1345 2106 1505 2187 strophae
1536 2106 1608 2169 colo

441 2209 623 2290 respondet
651 2211 794 2292 primum
824 2211 1073 2291 antistrophae‚
1108 2210 1257 2273 secundo
1287 2209 1472 2275 seeundum
1501 2215 1536 2273 et
1563 2211 1608 2274 sic

442 2311 610 2394 deinceps
634 2314 774 2377 alterum
799 2313 1015 2391 contrarium,
1039 2332 1114 2376 cum
1143 2313 1252 2395 primo
1282 2313 1441 2395 strophae
1469 2333 1534 2394 par
1562 2318 1608 2376 est

441 2415 593 2479 ultimum
618 2417 860 2498 antistrophae‚
885 2417 1032 2480 secundo
1055 2416 1298 2499 paenultimam
1321 2421 1353 2480 et
1376 2416 1424 2478 sic
1440 2415 1608 2497 deinceps.

443 2519 535 2596 Quae
558 2518 602 2582 ad
625 2520 697 2583 sola
720 2519 829 2606 διμερῆ
854 2525 1005 2603 spectare
1034 2519 1205 2596 videntum
1235 2539 1313 2583 nam
1343 2539 1442 2603 quam
1469 2519 1609 2584 voluerit

443 2623 627 2705 epodorum
666 2624 923 2706 responsionem
961 2644 1004 2687 ne
1046 2625 1149 2688 verbo
1187 2624 1320 2706 quidem
1360 2628 1609 2689 commemorat.

443 2727 683 2808 Bipartitorum
708 2726 853 2791 evadunt
876 2746 998 2809 genera
1021 2728 1118 2791 haec:

783 2869 802 2911 a
899 2846 950 2911 'a'
1165 2868 1185 2911 a
1314 2848 1336 2911 d

711 2934 803 3040 Ab
853 2877 954 3041 A'ibi
1010 2982 1040 3039 et
1094 2935 1187 3040 Ab
1241 2869 1342 3039 Ario:

781 3038 802 3169 l
899 3017 954 3180 ll
1139 3016 1187 3174 ii
1287 3016 1339 3176 ii

444 3226 522 3289 lllae
546 3228 703 3307 strophae
733 3232 810 3290 sunt
842 3226 951 3307 prima
980 3230 1012 3288 et
1040 3224 1146 3288 altera
1176 3223 1334 3288 carminis
1358 3226 1610 3307 monostrophi:

447 3330 509 3393 hae
534 3349 613 3393 nurn
636 3329 794 3394 differunt
816 3330 858 3393 ab
874 3327 1136 3411 Hephaestionis
1160 3326 1364 3391 carminibus
1383 3327 1611 3392 antitheticis?

446 3431 558 3515 Neque
582 3432 670 3497 enim
693 3433 726 3498 id
750 3432 932 3516 quidquam
959 3432 1069 3508 refert,
1099 3430 1188 3513 quod
1217 3430 1306 3511 apud
1327 3430 1612 3511 Hephaestionem

448 3532 626 3600 ἀντιθετινοὶ
662 3556 764 3601 unum
803 3536 994 3601 huiusmodi
1033 3535 1170 3598 schema
1207 3534 1487 3616 complectuntur,
1527 3534 1612 3616 apud

447 3640 629 3705 Aristidem
653 3641 831 3723 quominus
854 3640 951 3722 pluro
973 3638 1261 3720 comprehendant
1284 3638 1368 3702 nihil
1398 3638 1521 3701 obstat.
1565 3638 1612 3701 Re

448 3762 527 3807 vera
550 3764 694 3821 carmen,
724 3745 758 3807 in
789 3764 854 3827 quo
882 3744 1018 3807 schema
1051 3742 1286 3806 antitheticum
1313 3742 1367 3805 bis
1395 3744 1452 3805 aut
1481 3742 1612 3824 saepius

450 3852 612 3926 recurrat,
647 3848 708 3912 sub
737 3849 852 3912 oculos
881 3866 951 3911 non
980 3844 1078 3910 cadit.
1128 3845 1196 3910 Sed
1219 3844 1301 3909 illud
1324 3844 1445 3908 summi
1469 3847 1523 3908 est
1544 3864 1613 3908 rno-

449 3950 568 4023 menti‚
598 3952 687 4033 quod
714 3952 988 4015 antitheticorum
1023 3948 1177 4012 condicio
1215 3948 1302 4029 apud
1329 3946 1613 4028 Hephaestionem

449 4053 596 4135 permira
630 4054 910 4136 quemadmodum
945 4058 1019 4117 orta
1052 4054 1095 4116 sit
1124 4051 1203 4115 hinc
1232 4050 1377 4115 dilucide
1404 4050 1612 4132 intellegitur.

450 4155 533 4221 Nam
555 4157 721 4223 Aristides
746 4178 820 4222 cum
844 4158 1031 4222 antithetici
1055 4156 1214 4221 carminis
1237 4160 1366 4236 partem
1389 4154 1538 4235 priorem
1554 4174 1613 4236 pro

452 4265 601 4345 stropha,
625 4263 848 4345 posteriorem
870 4282 932 4344 pro
955 4260 1168 4341 antistropha
1191 4260 1339 4328 haberet,
1369 4256 1459 4321 haud
1483 4257 1614 4339 illepide

452 4366 516 4429 hoc
539 4386 644 4447 genus
668 4368 811 4432 usitatae
834 4366 965 4451 διμερῶν
988 4364 1116 4429 formae
1140 4362 1306 4446 opposuit.
1344 4361 1453 4425 Etiam
1469 4362 1613 4442 apertius

453 4467 488 4531 in
511 4468 716 4534 antitheticis
739 4470 879 4551 stropha
894 4473 925 4532 et
943 4466 1155 4548 antistropha
1171 4464 1420 4546 distinguuntur
1435 4465 1477 4528 ab
1493 4464 1614 4527 Ioanne

454 4570 627 4649 Siceliota‚
656 4574 711 4655 qui
740 4572 773 4635 in
802 4572 900 4637 Rhet.
930 4589 1038 4652 graec.
1067 4570 1107 4632 Vl
1135 4590 1166 4652 p.
1192 4569 1262 4649 129,
1286 4568 1304 4632 7
1334 4588 1406 4651 sqq.
1429 4566 1509 4649 (W.)
1532 4569 1613 4631 haur
