3459 5200
616 441 742 538 Ι61

202 635 233 700 S.
258 637 315 720 Ep.
344 639 414 702 122.
432 639 486 702 18:
517 635 625 701 Causa
649 641 756 700 tamen
779 635 957 720 praecipua
984 634 1061 699 mihi
1087 633 1215 699 videtur
1238 635 1333 699 huius

118 743 213 807 morbi
235 742 322 808 vitae
346 742 521 808 communis
542 745 717 826 fastidiam.
813 747 921 808 uoluat
942 746 1032 807 solita
1054 764 1196 826 peceare,
1225 744 1334 826 ambae

113 852 255 932 pecca-adi
271 854 447 934 praesciam
469 854 601 935 iasanria
624 859 676 918 est.

198 1082 234 1146 T.
258 1082 340 1150 Anu.
365 1082 441 1146 XIV
468 1084 568 1149 10.1;
597 1081 661 1148 Sed
685 1104 705 1147 a
730 1083 872 1148 Caesare
895 1080 1038 1166 perfeeto
1068 1081 1194 1147 demum
1222 1082 1333 1145 scetere

114 1189 298 1271 magnitudo
323 1189 393 1255 eius
417 1189 581 1255 intellecta
606 1197 663 1255 est.
702 1190 826 1273 reliquo
851 1189 953 1254 noetis
978 1187 1073 1254 modo
1092 1211 1151 1273 per
1178 1191 1332 1253 sitentium

113 1297 235 1382 defixae,
260 1297 393 1382 saepius
413 1319 528 1381 pavore
555 1319 722 1379 eamrpeas
750 1303 782 1362 et
809 1297 926 1363 mentis
953 1297 1048 1382 inops
1076 1299 1169 1362 taeem
1200 1300 1332 1381 appate-

113 1404 198 1466 latar
226 1412 380 1488 tamqnam
408 1409 534 1470 emittam
567 1407 749 1470 adlaturam.
862 1405 935 1490 Ipse
966 1403 1097 1470 diversa
1128 1403 1333 1470 simulatione

112 1517 249 1577 maestus
274 1519 308 1576 et
330 1515 419 1596 praui
440 1515 641 1578 incolumitati
663 1535 738 1578 sace
760 1516 901 1597 infamas
929 1531 968 1576 ao
996 1512 1091 1576 morti
1119 1511 1264 1596 parentis
1286 1511 1332 1575 ia·

110 1615 291 1685 lacrimans.

196 1742 228 1808 S.
253 1741 296 1808 de
320 1742 447 1809 cleml
476 1746 573 1810 13.3:
602 1742 629 1836 0
654 1744 871 1836 miserabilem
899 1744 1002 1829 illum,
1030 1743 1092 1809 sibi
1125 1745 1225 1810 certe!
1258 1763 1332 1808 nam

112 1849 224 1916 ceteris
249 1850 395 1917 misereri
420 1851 488 1916 6166
513 1839 687 1935 66166661,
766 1852 829 1937 qui,
852 1851 906 1916 ubi
930 1849 1165 1936 circumspexit,
1185 1871 1333 1934 quaeque

112 1955 190 2040 tecit,
207 1978 357 2040 quaeque
372 1955 516 2023 tacturus
527 1965 585 2043 est,
598 1967 629 2024 et
639 1958 872 2024 conscientiam
882 1979 973 2023 suam
983 1958 1283 2044 plenamaaeterihas
1293 1978 1332 2023 ae

111 2064 273 2129 tormentis
299 2064 480 2150 adaperuit,
495 2087 585 2149 caepe
608 2075 736 2130 rrrartem
759 2069 848 2150 timet,
864 2069 988 2149 saepias
1011 2074 1107 2149 aptat,
1123 2068 1251 2129 16616166
1274 2068 1333 2130 eibi

110 2169 198 2252 paam
214 2174 423 2236 sarcientibus.
448 2171 507 2256 Ep.
520 2175 591 2239 105.
610 2175 704 2255 Vsa:
723 2171 913 2239 Securitatis
927 2192 1048 2255 magna
1066 2171 1171 2257 portio
1187 2172 1332 2237 estnihil

111 2276 207 2361 iniqui
231 2276 355 2345 faeere:
382 2279 547 2346 contusam
571 2280 670 2345 vitam
700 2287 732 2345 et
759 2280 979 2366 perturbatam
1007 2279 1191 2364 inpotentes
1219 2287 1330 2361 agunt.

110 2391 229 2450 tanturn
254 2395 409 2472 metuunt,
433 2393 585 2469 quantum
609 2393 726 2452 nocent
748 2408 808 2453 nec
830 2387 897 2451 ullo
925 2393 1071 2472 ternpore
1097 2391 1223 2452 vacant.
1270 2391 1330 2452 tre·

109 2490 220 2575 pidant
244 2493 338 2578 enim,
362 2514 434 2559 cum
457 2495 610 2560 iecerunt.
646 2498 786 2558 haereat:
810 2493 1008 2560 conscientia
1031 2492 1121 2558 atiud
1145 2512 1244 2576 agere
1267 2513 1330 2558 non

109 2602 289 2683 petiturae
314 2601 451 2667 subinde
474 2600 670 2687 respondere
694 2601 737 2666 ad
761 2624 796 2667 66
821 2602 917 2684 cogit.
957 2602 1015 2666 dat
1036 2621 1160 2685 poenas
1183 2602 1330 2684 quisquis

109 2716 289 2793 exspectat:
314 2712 449 2793 quisquae
473 2716 580 2774 autem
604 2712 724 2793 praeit,
748 2717 912 2793 enepeetrrt.
958 2715 1060 2775 tutum
1084 2707 1195 2791 aliqua
1222 2728 1274 2774 res
1297 2708 1332 2773 in

107 2816 190 2879 mala
214 2815 416 2881 conscientia
439 2823 594 2901 praestat,
617 2817 706 2882 nutta
730 2836 891 2881 securum:
917 2824 1010 2900 putat
1029 2815 1112 2880 enirn
1135 2836 1179 2898 sc,
1203 2815 1330 2880 etiarnsi

107 2941 166 2986 non
200 2921 425 3007 deprenditur,
457 2943 555 3007 posse
589 2923 754 3008 deprendi.
791 2931 824 2988 61
855 2926 935 2987 inter
965 2945 1088 2987 6616666
1120 2932 1257 2988 61666161·
1288 2928 1329 3004 et,

107 3030 721 3113 6116116116611661666661116161161161,
754 3030 794 3095 de
827 3051 886 3095 suo
915 3030 1052 3113 cogitat:
1085 3049 1149 3093 non
1177 3029 1259 3094 satis
1282 3027 1330 3092 itti

107 3136 309 3202 obliteratum
332 3136 468 3222 vIdctur,
492 3158 555 3202 uon
580 3138 661 3203 satis
685 3144 813 3202 tectum.

191 3387 229 3455 T.
254 3388 335 3455 Anu.
360 3388 436 3451 XIV
458 3376 563 3454 108ε
581 3387 753 3453 Marcellus
777 3386 891 3453 Asinio
914 3386 1060 3451 Pollione
1083 3405 1205 3471 proavo
1222 3385 1329 3451 clarus

106 3512 206 3575 neque
230 3515 353 3561 morum
379 3494 578 3579 spernendus
602 3494 790 3577 habebatur,
815 3494 876 3559 6161
901 3492 986 3577 qriod
1007 3501 1219 3579 paupertatem
1235 3516 1327 3577 prae-

104 3602 223 3682 eipuam
246 3605 399 3667 malorum
422 3604 569 3667 eradebat.
1226 3622 1229 3628 ·

192 3726 225 3793 S.
250 3726 291 3792 de
313 3727 417 3793 benet.
441 3728 456 3791 Ι
480 3730 509 3793 9.
523 3728 560 3794 5:
587 3735 802 3813 paupertatem
830 3726 971 3792 alienam
995 3731 1212 3808 contemnere,
1239 3748 1328 3789 aram

103 3837 198 3916 1116916
222 3857 314 3919 meam
337 3836 434 3899 allum
458 3838 543 3901 ailad
565 3838 665 3909 vereri
686 3838 808 3900 malane.
855 3834 913 3918 Ep.
941 3837 992 3899 80.
1009 3835 1044 3897 5:
1068 3832 1187 3897 Libera
1210 3840 1242 3897 te
1265 3830 1328 3916 pri·

104 3958 189 4005 mum
212 3948 298 4007 166111
321 3937 449 4007 mortis:
475 3944 533 4007 illa
556 3943 648 4008 nobis
672 3942 781 4025 iugum
806 3941 939 4026 inponit.
963 3940 1081 4006 deinde
1104 3950 1327 4025 6161666666·-

105 4050 183 4113 tatis.
209 4049 237 4113 si
265 4048 316 4115 vis
345 4049 436 4133 scire,
466 4070 563 4132 quarn
591 4049 671 4114 611111
698 4050 732 4113 16
760 4049 818 4113 itta
840 4051 914 4113 mati
937 4047 988 4131 sit,
1016 4067 1158 4132 conpara
1185 4046 1268 4113 inter
1292 4066 1327 4111 se

105 4172 281 4240 pauperum
307 4163 339 4221 et
366 4154 500 4221 divitum
534 4155 655 4221 voltus:
691 4155 822 4239 saepius
854 4176 980 4240 pauper
1012 4162 1045 4219 et
1076 4153 1204 4219 fidelius
1232 4151 1326 4220 ridet.

107 4258 163 4346 Ep.
194 4266 262 4329 123.
283 4267 338 4329 16:
356 4273 528 4347 paupertas
550 4264 629 4328 nulli
652 4267 767 4328 atatam
790 4270 840 4329 est
863 4262 926 4327 nisi
950 4261 1153 4346 repugnanti.

192 4496 230 4560 T.
253 4496 333 4563 Arm.
358 4496 436 4561 XIV
451 4499 504 4564 39.
525 4499 577 4563 tt:
602 4496 632 4561 is
660 4516 723 4560 uon
751 4494 884 4559 inritato
907 4493 1001 4559 hoste
1024 4512 1129 4574 neque
1151 4492 1325 4557 lacessitus

107 4598 271 4669 honestam
301 4604 395 4690 pacis
426 4626 537 4670 amaea
567 4602 659 4687 segni
692 4603 758 4667 otio
785 4605 939 4691 impoenit.
986 4598 1081 4680 (eoas.
1112 4599 1214 4665 etiam
1240 4599 1323 4665 Anu.

107 4706 152 4773 111
176 4713 227 4779 21.
244 4714 285 4797 1.)
