3459 5200
787 439 826 504 61

193 634 378 718 bographos
401 633 497 720 primi
520 639 553 698 et
575 633 708 700 alterius
732 633 855 700 ordinis
879 633 1083 717 Hilbergiani
1111 633 1203 698 locus
1231 631 1421 698 tribuendus

194 747 254 807 est.
301 740 404 807 Erant
427 739 511 805 enim
534 737 784 826 versificatores,
808 740 863 824 qui
886 740 1055 824 aliquanto
1075 739 1255 805 severiores
1270 737 1312 803 de
1326 758 1423 804 voca·

193 846 271 912 lium
295 851 377 906 Alt
400 847 503 913 abusu
526 846 618 930 leges
650 847 860 914 observarent
893 866 989 930 quam
1021 845 1260 912 versificatores
1288 845 1423 911 alterius

194 952 318 1020 ordinis
341 953 554 1037 Hilbergiani.

283 1077 367 1144 Huic
391 1077 490 1144 classi
514 1077 722 1143 adscribendi
746 1083 819 1142 sunt
848 1077 996 1160 ignatius
1025 1076 1191 1158 diaconus,
1215 1074 1421 1142 Theodosius

195 1185 362 1270 diaconus,
401 1183 650 1269 Christopborus
683 1183 909 1269 Mytilenaeas,
942 1183 1080 1249 Ioannes
1111 1182 1348 1265 Euchaitensis²
1382 1180 1424 1247 dc

195 1293 312 1376 quibus
335 1311 419 1356 nuno
443 1291 626 1356 accuratius
650 1289 881 1376 disputandum
905 1290 997 1366 est.¹›

284 1503 463 1586 Ignatius
487 1504 617 1569 sacculo
641 1523 725 1569 nono
749 1505 880 1570 ineunte
902 1524 1042 1587 magnae
1057 1503 1217 1569 ecclesiae
1231 1501 1425 1588 Cpolitanae

197 1608 354 1675 diaconus
378 1609 438 1674 luit
462 1617 494 1676 et
517 1609 746 1695 sceuophylax,
771 1617 888 1696 postea
901 1610 1046 1678 Nicaeae
1069 1608 1276 1695 metropolita
1295 1617 1425 1674 creatus

197 1724 256 1782 est.
303 1718 346 1795 Is,
371 1736 444 1782 cum
468 1723 538 1782 erat
561 1715 764 1800 adulescens,
788 1718 832 1785 53
855 1716 1047 1784 tetrasticha
1070 1717 1220 1800 iambica,
1245 1715 1360 1799 quibus
1375 1714 1424 1779 fa·

197 1823 292 1888 bulas
315 1825 483 1908 Aesopeos
506 1823 539 1888 in
564 1823 787 1909 compendium
811 1823 949 1908 redegit,
977 1822 1204 1906 neglegentius
1232 1820 1425 1905 conscripsit

198 1937 231 1995 et
253 1931 456 2016 provectiore
479 1937 589 1996 aetate
616 1932 678 1996 143
702 1929 849 1996 senarios
872 1931 905 1994 in
928 1928 1087 1995 Adamum
1114 1928 1213 1994 multo
1242 1928 1426 1993 accuratius

198 2035 388 2122 composuit.
435 2035 539 2102 Huius
561 2037 792 2103 versificatoris
815 2036 1002 2102 memoriam
1029 2034 1237 2101 resuscitavit
1259 2041 1427 2116 artemque

197 2145 362 2210 metricam
392 2143 576 2210 describere
603 2143 725 2229 primus
754 2142 877 2209 studuit
904 2142 1040 2209 Carolus
1067 2140 1252 2207 Fridcricus
1279 2138 1426 2217 Mueller,

199 2251 252 2334 qui
275 2251 396 2334 Ignatii
419 2250 563 2316 carmina
585 2251 747 2317 recensuit
770 2257 803 2314 ct
821 2250 912 2316 breui
926 2249 1136 2315 adnotatione
1152 2248 1304 2314 instruxit
1317 2246 1427 2312 Kiliae

199 2377 228 2425 a.
257 2358 385 2443 1886.²)
433 2356 480 2422 Os.
505 2357 726 2442 Appendiecm
749 2357 774 2420 Ι.

287 2481 366 2547 Plus
399 2500 461 2546 uno
496 2480 627 2547 saeculo
662 2489 737 2566 post
768 2478 1016 2546 Theodosius
1049 2479 1206 2544 diaconus
1239 2477 1427 2564 imperatori

198 2587 380 2673 Nicephoro
405 2587 544 2673 Phocae,
570 2585 624 2672 qui
648 2588 690 2652 ab
714 2607 798 2652 anno
823 2588 889 2655 963
912 2607 1016 2671 usque
1039 2585 1082 2651 ad
1106 2606 1226 2651 annum
1241 2587 1306 2652 969
1330 2584 1427 2651 rebus

199 2694 388 2780 Byzantinis
411 2702 571 2779 praeerat,
596 2696 681 2762 1039
706 2694 853 2759 senarios
878 2693 919 2759 de
943 2694 1039 2760 Creta
1062 2693 1169 2759 insula
1192 2713 1277 2758 anno
1293 2694 1356 2759 961
1375 2712 1426 2758 ex·

199 2809 345 2887 pugnata
370 2800 566 2886 compositos
590 2808 622 2866 et
650 2802 683 2865 in
713 2801 853 2884 quinque
887 2820 1040 2867 acroascs
1073 2799 1220 2884 digestos
1253 2798 1428 2865 dedicavit.

201 2908 268 2973 Hos
305 2927 418 2973 versus
455 2908 577 2993 primus
609 2907 730 2992 publici
762 2907 842 2973 iuris
875 2908 953 2973 fecit
985 2907 1163 2973 Flaminius
1195 2905 1363 2972 Cornelius
1395 2907 1428 2970 in

201 3014 298 3080 Creta
322 3033 417 3081 sacra
441 3014 600 3093 (Venetiis
626 3016 724 3095 1155)
748 3020 831 3099 part.
855 3014 887 3078 Il
910 3036 941 3099 p.
957 3016 1022 3082 269
1047 3034 1116 3098 sqq.
1141 3035 1205 3080 uno
1229 3034 1292 3097 quo
1316 3011 1427 3079 traditi

201 3127 275 3186 sunt
298 3119 411 3187 codice
434 3120 593 3186 Vaticano
617 3122 681 3187 991
711 3120 812 3209 (saec.
837 3120 930 3202 Xlll)
959 3141 1048 3204 usus,
1077 3120 1132 3203 qui
1158 3140 1243 3185 nunc
1272 3128 1323 3186 cst
1345 3120 1428 3185 inter

202 3226 329 3293 codices
353 3228 519 3294 Parisinus
544 3227 648 3313 suppl.
672 3228 787 3296 Gracc.
812 3248 897 3293 num.
922 3230 1004 3312 3523
1035 3228 1074 3293 cl.
1100 3228 1272 3293 Henricum
1301 3226 1428 3311 Omont,

200 3334 385 3400 Inventaire
409 3334 580 3400 sommairc
609 3334 668 3400 des
696 3335 890 3401 manuscrits
918 3333 962 3400 du
990 3335 1194 3421 supplement
1222 3354 1299 3418 grec
1327 3332 1369 3401 de
1396 3333 1429 3397 la

201 3440 427 3524 Bibliotheque
449 3441 623 3506 Nationale
647 3463 676 3526 p.
701 3444 755 3509 42.
801 3441 948 3508 Eundem
982 3442 1126 3507 codicem
1160 3441 1303 3526 inspexit
1334 3440 1429 3508 Nico·

201 3548 273 3612 laus
297 3548 401 3613 Maria
424 3547 573 3632 Foggiui,
608 3549 662 3631 qui
686 3548 863 3615 Theodosii
893 3549 1037 3614 carmina
1065 3552 1097 3613 in
1125 3549 1219 3614 Nova
1247 3547 1430 3634 appendice

203 3654 346 3739 corporis
371 3654 526 3720 historiae
550 3654 751 3738 Byzantinae
775 3656 909 3731 (Romae
926 3658 1025 3737 1111)
1047 3677 1079 3741 p.
1096 3657 1159 3723 351
1177 3676 1246 3739 sqq.
1266 3655 1355 3741 typis
1377 3675 1430 3721 cx-

202 3760 331 3845 pressit.
377 3761 437 3826 His
461 3760 667 3845 editionibus,
692 3780 756 3826 uon
779 3762 850 3847 ipso
875 3761 989 3828 codice
1012 3782 1090 3829 usus
1113 3762 1430 3829 Fridcricuslacobs

203 3868 317 3933 tertius
341 3867 401 3933 hos
424 3888 537 3933 versus
561 3868 750 3935 emendatos
774 3868 878 3935 edidit
900 3870 934 3934 in
957 3869 1052 3953 (lorp.
1077 3869 1185 3953 script.
1199 3869 1274 3935 hist.
1294 3869 1428 3953 Byzant.

203 3975 264 4043 vol.
288 3974 334 4040 XI
358 3975 503 4055 (Bonnae
528 3976 627 4057 1898)
651 3998 682 4061 p.
707 3976 769 4042 261
797 3996 866 4059 sqq.

228 4072 234 4085 ⁹
293 4100 430 4165 Saeculo
454 4099 622 4165 undecimo
647 4098 773 4165 fuerunt
797 4099 1102 4185 christophorus
1126 4108 1158 4165 et
1180 4100 1363 4166 Ioannes.

296 4348 316 4415 ¹)
344 4348 384 4403 De
412 4348 455 4402 his
480 4348 711 4403 verufioatoribus
740 4348 772 4403 cf.
798 4348 884 4404 etiam
913 4348 1042 4403 carolum
1069 4348 1259 4405 Krumbacher
1285 4350 1315 4403 in
1343 4349 1433 4403 iwani

203 4437 320 4493 Mueller
339 4436 448 4492 Handbl
466 4436 491 4490 d.
511 4436 593 4493 inlusa.
614 4438 803 4493 Altertumsw.
822 4438 876 4493 vol.
896 4438 944 4501 lx,
965 4439 979 4491 1
999 4437 1149 4504 (Monaebii
1170 4439 1253 4506 1891)
1272 4457 1299 4508 p.
1318 4440 1372 4493 311
1390 4456 1431 4507 sq.

204 4526 257 4580 353
276 4544 336 4683 8111
345 4616 385 4671 of.
404 4617 491 4671 etiem
509 4633 542 4671 ee
561 4632 632 4685 quae
650 4634 740 4685 nuper
757 4615 885 4685 exposuit
903 4615 932 4669 O.
946 4615 975 4668 Ρ.
988 4616 1105 4669 Mueller
1123 4616 1153 4669 in
1171 4616 1270 4669 Rhein.
1289 4616 1359 4669 Mus.
1378 4617 1433 4670 vol.

204 4703 240 4758 46
259 4705 297 4771 (5.
318 4706 400 4773 1891)
419 4724 445 4774 p.
465 4706 518 4759 320
535 4723 595 4773 sqq.
1381 4727 1385 4733 ·
