3459 5200
604 607 805 713 Q

123 819 179 882 καί
199 808 222 903 ῆ
245 816 304 899 ἔξω
323 830 484 888 νενευκυῖα
505 820 599 907 διπλῆ
621 824 698 908 <καί
725 820 747 906 ῆ
771 822 833 886 ἔσω
860 828 1022 886 νενευκυῖα
1050 816 1166 903 διπλῆ)
1187 817 1243 882 καί
1271 812 1288 881 ὁ

124 920 306 1007 ἀστερίσκος
327 927 382 988 καί
404 928 480 991 εἴτι
502 925 581 989 ἄλλο
602 925 749 990 τοιοῦτον.

209 1043 302 1130 Παρά
335 1048 390 1132 μὲν
422 1057 485 1125 τοῖς
517 1048 661 1132 λυρικοῖς,
696 1042 734 1110 ἀν
762 1048 817 1131 μέν
845 1044 1056 1131 μονόστροφον
1081 1041 1116 1107 τὸ
1144 1040 1231 1131 ᾆσμα
1253 1040 1285 1127 ῆ,

122 1142 201 1211 καθ’
235 1148 372 1236 ἐκάστην
404 1150 523 1216 τίθεται
556 1148 693 1236 στροφήν
722 1148 744 1235 ῆ
773 1147 988 1234 παράγραφος,
1020 1150 1086 1213 είτα
1109 1147 1159 1210 ἐπί
1181 1144 1287 1221 τέλους

41 1276 54 1312 ν.
75 1260 105 1310 75
122 1251 177 1315 τοῦ
210 1252 349 1338 ᾄσματος
377 1246 399 1338 ῆ
428 1254 572 1338 κσρωνίς
604 1252 658 1319 ἐάν
686 1254 721 1317 δέ
748 1252 832 1317 κατά
859 1250 1032 1338 περικοπὴν
1054 1251 1093 1314 τά
1116 1248 1243 1335 ᾄσματα
1264 1246 1286 1332 ῆ
1308 1256 1322 1301 5

120 1356 334 1441 γεγραμμένα,
363 1355 443 1422 ὥστε
469 1359 547 1423 είναι
575 1358 713 1444 στροφὴν
735 1360 790 1422 καί
813 1349 1014 1441 ἀντίστροφον
1035 1356 1096 1419 καί·
1113 1349 1242 1438 ἐπῳδόν,
1264 1350 1286 1437 ῆ

121 1457 329 1545 παράγραφος
352 1461 402 1525 ἐπὶ
431 1463 486 1547 μέν
512 1462 555 1547 τῷ
583 1462 664 1527 τέλει
691 1460 747 1547 τῆς
773 1482 807 1526 τε
836 1459 973 1546 στροφῆς
1001 1461 1056 1523 καί
1085 1451 1286 1543 ἀντιστρόφου

121 1570 232 1645 κεῖται,
255 1563 306 1627 ἐπί
320 1565 355 1629 δέ
370 1564 411 1649 τῆ
426 1563 577 1650 ἐπῳδῆῆ
600 1566 745 1651 κορωνίς·
768 1603 809 1610 -
832 1565 887 1628 καί
908 1561 1006 1639 οὕτως
1026 1561 1048 1648 ῆ
1070 1559 1286 1647 παράγραφος,

121 1661 142 1748 ῆ
173 1665 299 1749 διορίζει
326 1664 366 1730 τά
391 1688 424 1731 τε
447 1665 539 1753 ὅμοια
567 1670 622 1732 καί
650 1666 689 1732 τά
711 1663 858 1753 ἀνόμοια·
881 1704 923 1713 -
945 1666 996 1730 ἐπί
1019 1664 1120 1751 μέντοι
1141 1664 1184 1750 τῷ
1207 1662 1287 1728 τέλει

120 1760 137 1831 ὁ
161 1766 346 1854 ἀστερίσκος
374 1768 503 1853 τίθεται,
530 1768 690 1856 γνώρισμα
713 1770 767 1835 τοῦ
789 1768 972 1834 τετελέσθαι
993 1765 1028 1832 τὸ
1051 1766 1147 1853 ᾆσμα,
1177 1768 1243 1831 ἐπεὶ
1264 1764 1285 1850 ῆ
1310 1779 1343 1822 ¹⁰

119 1874 252 1957 κορωνὶς
274 1874 324 1937 ἐπὶ
345 1872 453 1938 πασῶν
475 1873 596 1938 τίθεται
617 1875 677 1939 τῶν
700 1873 837 1958 ἐπῳδῶν.

45 2007 100 2076 138)
206 1992 271 2058 Καὶ
293 1992 427 2079 μάλιστα
450 1995 561 2060 εἴωθεν
584 1991 602 2058 ὁ
624 1990 807 2077 ἀστερίσκος
829 1994 986 2077 τίθεσθαι,
1010 1992 1063 2059 ἐάν
1087 1989 1285 2079 ἐτεράμετρον

116 2094 200 2181 ῆτὸ
234 2094 321 2182 ᾆσμα
353 2095 387 2161 τὸ
417 2096 502 2183 ἑξῆς
537 2095 554 2161 ὃ
582 2100 637 2161 καὶ
672 2097 816 2183 [μᾶλλον]
848 2098 898 2162 ἐπὶ
926 2097 985 2163 τῶν
1018 2095 1198 2183 ποιημάτων
1225 2094 1285 2159 τῶν

117 2199 371 2284 μονοστροφικιδν
391 2199 508 2284 γίνεται
529 2200 679 2284 Σαπφοῦς
699 2222 733 2265 τε
755 2203 810 2264 καί
821 2198 1040 2284 Ἀνακρέοντος
1055 2202 1110 2263 καὶ
1120 2196 1284 2265 Ἀλκαίου·

116 2303 169 2366 ἐπί
192 2303 228 2365 δέ
244 2303 303 2369 τῶν
322 2301 467 2368 Ἀλκαίου
491 2303 573 2381 ἰδίως
601 2302 684 2367 κατὰ
713 2306 768 2390 μέν
803 2302 859 2389 τῆν
884 2301 1129 2390 Ἀριστοφάνειον
1163 2304 1285 2370 ἐκδσσιν
1308 2314 1343 2359 1⁵

116 2399 302 2490 ἀστερίσκος
323 2406 374 2470 ἐπὶ
396 2406 609 2494 ἐτερομετρίας
632 2406 753 2471 ἐτίθετο
776 2404 883 2492 μόνης,
914 2406 996 2471 κατὰ
1019 2408 1054 2471 δέ
1075 2406 1132 2491 τῆν
1154 2407 1206 2472 νῦν
1228 2406 1285 2493 τῆν

113 2506 346 2595 Ἀριστάρχειον
368 2512 423 2573 καί
447 2509 497 2573 ἐπὶ
518 2507 701 2594 ποιημάτων
723 2509 908 2596 μεταβολῆς.
1311 2516 1314 2525 ⁴

198 2629 238 2696 Ἡ
270 2632 306 2696 δέ
332 2632 426 2717 διπλῆ
454 2630 476 2717 ῆ
505 2631 564 2710 ἔξω
593 2631 751 2718 βλέπουσα
780 2633 866 2716 παρὰ
890 2635 943 2718 μὲν
967 2641 1028 2710 τοῖς
1051 2641 1207 2719 κωμικοῖς
1228 2633 1284 2696 καὶ

116 2792 322 2800 ...—

203 2875 325 2944 Discrep.
351 2874 425 2943 leet]
475 2877 487 2927 1
515 2878 618 2926 καί-
642 2876 722 2943 διπλῆ
748 2875 860 2937 inserui,
888 2893 941 2929 om.
960 2875 995 2938 A,
1025 2879 1072 2928 καί
1097 2873 1114 2944 η’
1144 2878 1195 2928 έοω
1222 2873 1284 2929 dett.

113 2962 254 3028 Gaisford,
280 2961 438 3030 Westphal;
466 2962 499 3015 ef.
518 2962 553 3014 Is,
574 2961 693 3015 Tzetzae
719 2963 805 3016 verba
828 2963 900 3016 infra
926 2963 1012 3016 allata
1046 2961 1055 3032 ss
1097 2965 1111 3016 7
1140 2981 1176 3018 an
1202 2966 1285 3034 <ιῆς>

113 3047 309 3116 ἀντιοτρόφουθ
328 3049 361 3103 τί.
381 3049 465 3102 etjam
482 3050 517 3102 la.
536 3049 628 3103 Tzetz.
646 3067 673 3118 p.
689 3050 730 3112 73,
749 3051 764 3102 7
783 3052 826 3100 ἐπί
843 3049 880 3102 τῶ
898 3052 968 3102 τέλει
985 3053 1034 3118 τῆς
1052 3053 1169 3118 στροφῆς
1186 3055 1234 3103 καί
1252 3052 1284 3118 δὴ

114 3140 167 3206 τῆς
194 3132 368 3203 ἀντιστρόφου
419 3135 430 3205 Ι
480 3138 498 3188 8
524 3138 557 3202 τῆ
581 3137 677 3190 charta
703 3136 812 3190 novicia
838 3137 988 3190 obductum
1015 3142 1058 3190 est
1084 3137 1112 3190 in
1135 3137 1162 3190 A
1205 3137 1215 3208 11
1257 3138 1285 3191 in

112 3242 184 3280 voce
208 3224 293 3287 οὕτως
316 3224 367 3277 lite
389 3240 403 3286 ς
429 3223 553 3276 fenestra
578 3223 680 3277 hausta
706 3223 795 3277 estin
814 3224 840 3276 A
876 3223 885 3293 ΙΙ
921 3225 953 3277 12
980 3223 1008 3277 in
1027 3241 1095 3278 voce
1114 3224 1286 3292 έτερόμετρον

111 3314 166 3368 litt.
186 3329 218 3364 ον
234 3327 332 3365 erasae
349 3314 414 3363 sunt
430 3309 459 3363 in
476 3309 503 3363 A
529 3309 591 3379 513
609 3313 711 3377 μᾶλλον
729 3316 776 3364 aut
794 3310 944 3365 delendum
971 3317 1014 3365 est
1037 3316 1084 3365 aut
1110 3312 1284 3365 scribendum

111 3406 157 3454 est
174 3400 251 3453 hunc
268 3399 326 3451 sere
344 3398 373 3451 in
389 3398 503 3451 modum
521 3395 535 3449 ὃ
555 3400 603 3449 καί
621 3401 723 3464 μᾶλλον
741 3399 801 3464 (ἐπί
818 3401 872 3450 τοῖν
889 3399 1043 3466 ποιημάτων
1061 3401 1111 3450 τῶν
1128 3400 1201 3452 κατὰ
1212 3417 1285 3466 περι-

109 3487 212 3553 κοπήν,
238 3485 319 3552 ἧσσον
345 3488 376 3537 δέ
401 3485 466 3550 καί)
489 3487 532 3536 ἐπί
555 3487 613 3536 κτλ.
657 3483 667 3553 Ε
713 3487 745 3538 16
772 3481 927 3552 ἀστερίσκος
945 3485 980 3552 A,
1007 3482 1196 3553 σ’σὶστερίσκος
1212 3485 1241 3540 Β
1259 3488 1286 3538 εί

112 3574 205 3628 schol.
225 3573 268 3626 Ar.
287 3573 358 3627 Plut.
377 3573 441 3635 2533
460 3572 493 3625 ef.
512 3590 539 3641 p.
557 3572 655 3626 xxxfl
675 3574 697 3626 1,
713 3573 730 3624 6
764 3572 774 3641 ΙΙ
808 3574 837 3626 in
855 3589 923 3627 voce
943 3575 1044 3626 ἐτίθετο
1062 3573 1147 3627 litae
1164 3573 1286 3626 fenestra

111 3664 217 3716 hausta
244 3661 331 3713 estin
349 3658 376 3712 A
411 3659 421 3728 fl
454 3659 483 3712 in
508 3675 568 3713 νου.
595 3662 639 3712 νῦν
665 3660 727 3713 litt.
750 3659 779 3712 νῦ
803 3661 925 3714 fenestra
946 3661 1064 3714 haustae
1088 3665 1152 3714 sunt
1175 3660 1202 3713 in
1226 3660 1252 3712 A

113 3753 144 3804 17
165 3751 197 3802 in
219 3764 287 3801 voce
303 3747 457 3814 ποιημάτων
473 3747 524 3800 lita
542 3765 561 3799 π
583 3747 705 3800 fenestra
731 3747 832 3801 hausta
859 3748 951 3801 estin
973 3747 999 3800 A
1033 3748 1043 3817 Ιί
1079 3749 1111 3800 18
1136 3745 1154 3816 ῆ
1177 3746 1287 3816 (ρτίοιεῆ

114 3837 194 3906 Ιοοο)
213 3836 310 3888 charta
326 3834 436 3888 novicia
453 3833 602 3888 obductum
620 3840 663 3888 est
679 3835 708 3888 in
726 3834 753 3887 A
786 3836 796 3903 λ
830 3835 860 3889 in
872 3852 939 3888 voce
955 3839 1088 3901 βλέπουσα
1099 3835 1286 3888 1ἰίί.σσίιατίο

111 3924 228 3979 novicia
246 3923 367 3977 obducta
385 3922 473 3976 estin
491 3921 517 3974 A
553 3921 563 3988 ΙΙ
596 3929 651 3984 τοῖς
669 3938 723 3975 om.
742 3920 776 3975 A.

109 4114 298 4184 Testimonia]
332 4118 417 4167 τοίνυν
435 4113 485 4166 τῶν
502 4112 595 4166 ἀπλιῖιν
612 4112 693 4166 ὄντων
711 4117 762 4167 τῶν
780 4115 884 4167 πάντων
902 4117 992 4178 πέντε,
1013 4110 1018 4182 Ι
1036 4112 1085 4181 τῆς
1103 4112 1284 4182 παραγράφου

108 4209 160 4257 καί
180 4207 252 4255 δυσίν
269 4201 367 4254 διπλῶν
388 4204 440 4254 τῶν
458 4201 600 4269 διαφόρων,
620 4201 625 4261 Ι
644 4205 693 4269 τῆς
711 4205 763 4255 ἔσω
781 4206 932 4266 νενευκυίας
950 4219 980 4253 τε
996 4205 1044 4254 κσιί
1061 4203 1110 4268 τῆς
1129 4203 1180 4263 ἔξω
1197 4217 1283 4254 νενευ-

108 4296 203 4354 κυίας,
221 4289 226 4360 Ι
245 4290 291 4342 τοῦ
310 4284 476 4356 ἀστερίσκου,
494 4287 573 4341 πάλιν
590 4291 621 4340 δέ
638 4289 705 4355 πρὸς
723 4289 826 4352 τούτοις
844 4293 988 4356 κορωνίδος
1005 4291 1063 4341 κτλ.
1098 4287 1107 4356 Ι]
1142 4288 1225 4340 3-11
1247 4288 1281 4340 Ie.

109 4379 207 4432 Tzetz.
235 4393 262 4444 p.
279 4377 321 4438 73,
357 4377 440 4428 1—17
472 4377 504 4428 Εί
529 4380 614 4428 τοίνυν
640 4379 783 4443 ἐπεποίητο
817 4376 996 4443 μονόστροφσν
1028 4375 1058 4426 τὸ
1085 4373 1158 4442 ᾆσμα
1181 4377 1238 4426 κτλ.
1275 4386 1284 4452 μ

110 4465 221 4519 15-16
247 4463 333 4516 schol.
355 4463 419 4517 Ald.
446 4463 481 4516 ad
507 4463 589 4516 Arist.
616 4463 688 4516 Plut.
712 4464 763 4517 253
790 4464 827 4532 (p.
849 4464 916 4516 338Ε
938 4463 1039 4516 39-41
1069 4461 1111 4514 ed.
1135 4461 1283 4530 Duebner).

107 4552 277 4618 Ἡφαιστίων
294 4554 325 4603 δέ
342 4567 427 4618 φησιν,
454 4550 495 4603 δτι
520 4551 592 4603 κατοί
615 4550 663 4618 τῆν
677 4546 884 4617 Ἀριστοφάνειον
907 4553 1011 4603 ἐκδοσιν
1035 4547 1050 4601 ὁ
1067 4544 1223 4615 ἀστερίσκος
1242 4551 1284 4602 ἐπί

109 4642 300 4707 έτερομιτρίσις
318 4641 422 4691 ἐτίθετο
439 4639 531 4707 μόνης.
