<?xml version="1.0" encoding="UTF-8"?>
<!DOCTYPE html PUBLIC "-//W3C//DTD XHTML 1.0 Transitional//EN"
    "http://www.w3.org/TR/xhtml1/DTD/xhtml1-transitional.dtd">
<html xmlns="http://www.w3.org/1999/xhtml" xml:lang="en" lang="en">
 <head>
  <title>
</title>
<meta http-equiv="Content-Type" content="text/html;charset=utf-8" />
  <meta name='ocr-system' content='tesseract 3.04.00' />
  <meta name='ocr-capabilities' content='ocr_page ocr_carea ocr_par ocr_line ocrx_word'/>
</head>
<body>
  <div class='ocr_page' id='page_1' title='image "./detacitosenecae00zimmgoog_0394.png"; bbox 0 0 3459 5200; ppageno 0'>
   <div class='ocr_carea' id='block_1_1' title="bbox 104 807 1294 4809">
    <p class='ocr_par' dir='ltr' id='par_1_1' title="bbox 126 807 1294 2338">
     <span class='ocr_line' id='line_1_1' title="bbox 134 807 1294 892; baseline 0.001 -17"><span class='ocrx_word' id='word_1_1' title='bbox 134 809 245 876; x_wconf 83' lang='lat' dir='ltr'>deesse</span> <span class='ocrx_word' id='word_1_2' title='bbox 268 809 419 876; x_wconf 83' lang='lat' dir='ltr'>indidem</span> <span class='ocrx_word' id='word_1_3' title='bbox 442 807 629 892; x_wconf 82' lang='lat' dir='ltr'>explicavit,</span> <span class='ocrx_word' id='word_1_4' title='bbox 648 809 736 875; x_wconf 91' lang='lat' dir='ltr'>unde</span> <span class='ocrx_word' id='word_1_5' title='bbox 754 810 989 876; x_wconf 87' lang='lat' dir='ltr'>universorum</span> <span class='ocrx_word' id='word_1_6' title='bbox 1001 818 1163 892; x_wconf 78' lang='lat' dir='ltr'>&#39;generum</span> <span class='ocrx_word' id='word_1_7' title='bbox 1179 811 1294 878; x_wconf 88' lang='lat' dir='ltr'>metri·</span> 
     </span>
     <span class='ocr_line' id='line_1_2' title="bbox 134 913 1294 996; baseline 0.002 -18"><span class='ocrx_word' id='word_1_8' title='bbox 134 935 243 980; x_wconf 87' lang='lat' dir='ltr'>corum</span> <span class='ocrx_word' id='word_1_9' title='bbox 276 914 414 979; x_wconf 91' lang='lat' dir='ltr'>nomina</span> <span class='ocrx_word' id='word_1_10' title='bbox 448 913 631 978; x_wconf 91' lang='lat' dir='ltr'>desiderari</span> <span class='ocrx_word' id='word_1_11' title='bbox 667 915 834 996; x_wconf 81' lang='lat' dir='ltr'><strong>expedivit</strong></span> <span class='ocrx_word' id='word_1_12' title='bbox 866 915 899 978; x_wconf 94' lang='lat' dir='ltr'>h.</span> <span class='ocrx_word' id='word_1_13' title='bbox 930 935 958 978; x_wconf 91' lang='lat' dir='ltr'>e.</span> <span class='ocrx_word' id='word_1_14' title='bbox 992 934 1033 980; x_wconf 83' lang='lat' dir='ltr'>ex</span> <span class='ocrx_word' id='word_1_15' title='bbox 1067 914 1173 996; x_wconf 90' lang='lat' dir='ltr'>ipsius</span> <span class='ocrx_word' id='word_1_16' title='bbox 1202 915 1294 980; x_wconf 89' lang='lat' dir='ltr'>colo·</span> 
     </span>
     <span class='ocr_line' id='line_1_3' title="bbox 132 1017 1294 1101; baseline 0 -19"><span class='ocrx_word' id='word_1_17' title='bbox 132 1018 265 1084; x_wconf 88' lang='lat' dir='ltr'>metriae</span> <span class='ocrx_word' id='word_1_18' title='bbox 299 1017 412 1082; x_wconf 91' lang='lat' dir='ltr'>indole</span> <span class='ocrx_word' id='word_1_19' title='bbox 441 1021 541 1100; x_wconf 88' lang='lat' dir='ltr'>atque</span> <span class='ocrx_word' id='word_1_20' title='bbox 571 1018 711 1082; x_wconf 89' lang='lat' dir='ltr'>ratione.</span> <span class='ocrx_word' id='word_1_21' title='bbox 768 1018 828 1083; x_wconf 93' lang='lat' dir='ltr'>Cui</span> <span class='ocrx_word' id='word_1_22' title='bbox 862 1018 1011 1101; x_wconf 87' lang='lat' dir='ltr'>quamvis</span> <span class='ocrx_word' id='word_1_23' title='bbox 1044 1019 1185 1083; x_wconf 90' lang='lat' dir='ltr'>multum</span> <span class='ocrx_word' id='word_1_24' title='bbox 1212 1037 1294 1083; x_wconf 92' lang='lat' dir='ltr'>con·</span> 
     </span>
     <span class='ocr_line' id='line_1_4' title="bbox 133 1112 1292 1206; baseline 0.003 -22"><span class='ocrx_word' id='word_1_25' title='bbox 133 1121 253 1198; x_wconf 88' lang='lat' dir='ltr'>cedam,</span> <span class='ocrx_word' id='word_1_26' title='bbox 289 1121 428 1186; x_wconf 88' lang='lat' dir='ltr'>nomina</span> <span class='ocrx_word' id='word_1_27' title='bbox 461 1112 707 1205; x_wconf 80' lang='grc' dir='ltr'>ἇλλοιόστροφα,</span> <span class='ocrx_word' id='word_1_28' title='bbox 737 1117 956 1205; x_wconf 54' lang='lat' dir='ltr'>supraema,</span> <span class='ocrx_word' id='word_1_29' title='bbox 990 1114 1189 1206; x_wconf 78' lang='grc' dir='ltr'>ἀπεριόριστα</span> <span class='ocrx_word' id='word_1_30' title='bbox 1222 1141 1292 1187; x_wconf 90' lang='lat' dir='ltr'>non</span> 
     </span>
     <span class='ocr_line' id='line_1_5' title="bbox 132 1221 1293 1309; baseline 0.002 -21"><span class='ocrx_word' id='word_1_31' title='bbox 132 1229 207 1290; x_wconf 90' lang='lat' dir='ltr'>sunt</span> <span class='ocrx_word' id='word_1_32' title='bbox 235 1225 414 1307; x_wconf 80' lang='lat' dir='ltr'>generalia,</span> <span class='ocrx_word' id='word_1_33' title='bbox 443 1229 479 1290; x_wconf 91' lang='lat' dir='ltr'>ut</span> <span class='ocrx_word' id='word_1_34' title='bbox 507 1221 665 1309; x_wconf 81' lang='grc' dir='ltr'>ὀμοιοειδῆ</span> <span class='ocrx_word' id='word_1_35' title='bbox 695 1225 746 1289; x_wconf 92' lang='lat' dir='ltr'>vel</span> <span class='ocrx_word' id='word_1_36' title='bbox 774 1230 982 1308; x_wconf 85' lang='lat' dir='ltr'>asynarteta,</span> <span class='ocrx_word' id='word_1_37' title='bbox 1016 1226 1076 1290; x_wconf 90' lang='lat' dir='ltr'>sed</span> <span class='ocrx_word' id='word_1_38' title='bbox 1102 1226 1293 1308; x_wconf 85' lang='lat' dir='ltr'>peculiaria,</span> 
     </span>
     <span class='ocr_line' id='line_1_6' title="bbox 132 1324 1294 1413; baseline 0 -20"><span class='ocrx_word' id='word_1_39' title='bbox 132 1347 211 1410; x_wconf 90' lang='lat' dir='ltr'>quae</span> <span class='ocrx_word' id='word_1_40' title='bbox 233 1328 514 1409; x_wconf 85' lang='lat' dir='ltr'>quemadmodum</span> <span class='ocrx_word' id='word_1_41' title='bbox 543 1349 563 1394; x_wconf 91' lang='lat' dir='ltr'>a</span> <span class='ocrx_word' id='word_1_42' title='bbox 591 1327 784 1393; x_wconf 90' lang='lat' dir='ltr'>nominibus</span> <span class='ocrx_word' id='word_1_43' title='bbox 815 1325 1045 1413; x_wconf 81' lang='grc' dir='ltr'>μονοστροφικά</span> <span class='ocrx_word' id='word_1_44' title='bbox 1072 1329 1124 1392; x_wconf 91' lang='lat' dir='ltr'>vel</span> <span class='ocrx_word' id='word_1_45' title='bbox 1155 1324 1294 1412; x_wconf 75' lang='grc' dir='ltr'><strong>ἐπῳδωωί</strong></span> 
     </span>
     <span class='ocr_line' id='line_1_7' title="bbox 131 1430 1294 1515; baseline 0.003 -21"><span class='ocrx_word' id='word_1_46' title='bbox 131 1430 283 1496; x_wconf 82' lang='lat' dir='ltr'>differant</span> <span class='ocrx_word' id='word_1_47' title='bbox 305 1451 374 1496; x_wconf 92' lang='lat' dir='ltr'>non</span> <span class='ocrx_word' id='word_1_48' title='bbox 396 1431 504 1496; x_wconf 86' lang='lat' dir='ltr'>video.</span> <span class='ocrx_word' id='word_1_49' title='bbox 549 1430 750 1498; x_wconf 84' lang='lat' dir='ltr'>Heliodorus</span> <span class='ocrx_word' id='word_1_50' title='bbox 768 1431 868 1513; x_wconf 84' lang='lat' dir='ltr'>igitur</span> <span class='ocrx_word' id='word_1_51' title='bbox 883 1431 1021 1496; x_wconf 88' lang='lat' dir='ltr'>nomina</span> <span class='ocrx_word' id='word_1_52' title='bbox 1039 1430 1096 1496; x_wconf 92' lang='lat' dir='ltr'>illa</span> <span class='ocrx_word' id='word_1_53' title='bbox 1119 1436 1177 1496; x_wconf 88' lang='lat' dir='ltr'>aut</span> <span class='ocrx_word' id='word_1_54' title='bbox 1197 1432 1294 1515; x_wconf 79' lang='lat' dir='ltr'>igno·</span> 
     </span>
     <span class='ocr_line' id='line_1_8' title="bbox 131 1533 1294 1620; baseline 0 -20"><span class='ocrx_word' id='word_1_55' title='bbox 131 1533 211 1600; x_wconf 87' lang='lat' dir='ltr'>ravit</span> <span class='ocrx_word' id='word_1_56' title='bbox 233 1539 299 1612; x_wconf 92' lang='lat' dir='ltr'>aut,</span> <span class='ocrx_word' id='word_1_57' title='bbox 322 1535 357 1598; x_wconf 94' lang='lat' dir='ltr'>id</span> <span class='ocrx_word' id='word_1_58' title='bbox 380 1535 470 1617; x_wconf 91' lang='lat' dir='ltr'>quod</span> <span class='ocrx_word' id='word_1_59' title='bbox 491 1535 628 1616; x_wconf 89' lang='lat' dir='ltr'>propius</span> <span class='ocrx_word' id='word_1_60' title='bbox 652 1556 672 1599; x_wconf 90' lang='lat' dir='ltr'>a</span> <span class='ocrx_word' id='word_1_61' title='bbox 693 1535 834 1600; x_wconf 88' lang='lat' dir='ltr'>veritate</span> <span class='ocrx_word' id='word_1_62' title='bbox 860 1534 981 1600; x_wconf 84' lang='lat' dir='ltr'>abesse</span> <span class='ocrx_word' id='word_1_63' title='bbox 1008 1535 1155 1613; x_wconf 89' lang='lat' dir='ltr'>videtur,</span> <span class='ocrx_word' id='word_1_64' title='bbox 1190 1536 1294 1620; x_wconf 90' lang='lat' dir='ltr'>siqui·</span> 
     </span>
     <span class='ocr_line' id='line_1_9' title="bbox 131 1637 1293 1722; baseline 0.001 -20"><span class='ocrx_word' id='word_1_65' title='bbox 131 1637 205 1704; x_wconf 90' lang='lat' dir='ltr'>dem</span> <span class='ocrx_word' id='word_1_66' title='bbox 227 1637 366 1704; x_wconf 88' lang='lat' dir='ltr'>nomina</span> <span class='ocrx_word' id='word_1_67' title='bbox 388 1638 445 1704; x_wconf 91' lang='lat' dir='ltr'>illa</span> <span class='ocrx_word' id='word_1_68' title='bbox 470 1639 513 1704; x_wconf 90' lang='lat' dir='ltr'>ab</span> <span class='ocrx_word' id='word_1_69' title='bbox 539 1639 790 1722; x_wconf 82' lang='lat' dir='ltr'>Hephaestione</span> <span class='ocrx_word' id='word_1_70' title='bbox 820 1638 954 1704; x_wconf 89' lang='lat' dir='ltr'>demum</span> <span class='ocrx_word' id='word_1_71' title='bbox 980 1639 1057 1704; x_wconf 88' lang='lat' dir='ltr'>licta</span> <span class='ocrx_word' id='word_1_72' title='bbox 1089 1659 1165 1704; x_wconf 91' lang='lat' dir='ltr'>esse</span> <span class='ocrx_word' id='word_1_73' title='bbox 1193 1658 1293 1707; x_wconf 88' lang='lat' dir='ltr'>nemo</span> 
     </span>
     <span class='ocr_line' id='line_1_10' title="bbox 129 1740 1294 1822; baseline 0.003 -17"><span class='ocrx_word' id='word_1_74' title='bbox 129 1740 193 1805; x_wconf 87' lang='lat' dir='ltr'>sibi</span> <span class='ocrx_word' id='word_1_75' title='bbox 218 1741 449 1822; x_wconf 78' lang='lat' dir='ltr'>persuadebit,</span> <span class='ocrx_word' id='word_1_76' title='bbox 485 1743 638 1807; x_wconf 88' lang='lat' dir='ltr'>consulto</span> <span class='ocrx_word' id='word_1_77' title='bbox 672 1742 707 1807; x_wconf 88' lang='lat' dir='ltr'>in</span> <span class='ocrx_word' id='word_1_78' title='bbox 742 1743 939 1807; x_wconf 89' lang='lat' dir='ltr'>colometria</span> <span class='ocrx_word' id='word_1_79' title='bbox 966 1745 1004 1806; x_wconf 94' lang='lat' dir='ltr'>ut</span> <span class='ocrx_word' id='word_1_80' title='bbox 1029 1741 1128 1806; x_wconf 93' lang='lat' dir='ltr'>nimis</span> <span class='ocrx_word' id='word_1_81' title='bbox 1150 1743 1294 1808; x_wconf 88' lang='lat' dir='ltr'>molesta</span> 
     </span>
     <span class='ocr_line' id='line_1_11' title="bbox 127 1845 1292 1930; baseline 0.003 -21"><span class='ocrx_word' id='word_1_82' title='bbox 127 1849 183 1909; x_wconf 92' lang='lat' dir='ltr'>aut</span> <span class='ocrx_word' id='word_1_83' title='bbox 205 1845 359 1910; x_wconf 91' lang='lat' dir='ltr'>intricata</span> <span class='ocrx_word' id='word_1_84' title='bbox 382 1845 525 1910; x_wconf 85' lang='lat' dir='ltr'>evitavit.</span> <span class='ocrx_word' id='word_1_85' title='bbox 570 1845 637 1910; x_wconf 87' lang='lat' dir='ltr'>Sed</span> <span class='ocrx_word' id='word_1_86' title='bbox 657 1845 693 1909; x_wconf 94' lang='lat' dir='ltr'>in</span> <span class='ocrx_word' id='word_1_87' title='bbox 712 1845 818 1924; x_wconf 90' lang='lat' dir='ltr'>libris,</span> <span class='ocrx_word' id='word_1_88' title='bbox 842 1846 962 1930; x_wconf 89' lang='lat' dir='ltr'>quibus</span> <span class='ocrx_word' id='word_1_89' title='bbox 984 1845 1163 1910; x_wconf 81' lang='lat' dir='ltr'>artificiose</span> <span class='ocrx_word' id='word_1_90' title='bbox 1186 1850 1292 1912; x_wconf 88' lang='lat' dir='ltr'>totam</span> 
     </span>
     <span class='ocr_line' id='line_1_12' title="bbox 128 1947 1293 2032; baseline 0.003 -21"><span class='ocrx_word' id='word_1_91' title='bbox 128 1947 314 2012; x_wconf 75' lang='lat' dir='ltr'>doctrinam</span> <span class='ocrx_word' id='word_1_92' title='bbox 336 1951 512 2014; x_wconf 82' lang='lat' dir='ltr'>metricam</span> <span class='ocrx_word' id='word_1_93' title='bbox 540 1947 733 2028; x_wconf 89' lang='lat' dir='ltr'>illustravit,</span> <span class='ocrx_word' id='word_1_94' title='bbox 768 1967 843 2014; x_wconf 87' lang='lat' dir='ltr'>euru</span> <span class='ocrx_word' id='word_1_95' title='bbox 872 1968 941 2014; x_wconf 87' lang='lat' dir='ltr'>non</span> <span class='ocrx_word' id='word_1_96' title='bbox 971 1968 1069 2016; x_wconf 89' lang='lat' dir='ltr'>secus</span> <span class='ocrx_word' id='word_1_97' title='bbox 1098 1954 1197 2032; x_wconf 90' lang='lat' dir='ltr'>atque</span> <span class='ocrx_word' id='word_1_98' title='bbox 1226 1949 1293 2014; x_wconf 89' lang='lat' dir='ltr'>He·</span> 
     </span>
     <span class='ocr_line' id='line_1_13' title="bbox 126 2050 1293 2136; baseline 0.001 -20"><span class='ocrx_word' id='word_1_99' title='bbox 126 2050 360 2132; x_wconf 84' lang='lat' dir='ltr'>phaestionem</span> <span class='ocrx_word' id='word_1_100' title='bbox 384 2052 519 2133; x_wconf 88' lang='lat' dir='ltr'>copiose</span> <span class='ocrx_word' id='word_1_101' title='bbox 548 2053 589 2116; x_wconf 89' lang='lat' dir='ltr'>de</span> <span class='ocrx_word' id='word_1_102' title='bbox 619 2053 805 2118; x_wconf 87' lang='lat' dir='ltr'>carminum</span> <span class='ocrx_word' id='word_1_103' title='bbox 839 2052 1017 2134; x_wconf 83' lang='lat' dir='ltr'>generibus</span> <span class='ocrx_word' id='word_1_104' title='bbox 1047 2052 1156 2134; x_wconf 77' lang='lat' dir='ltr'>egisse</span> <span class='ocrx_word' id='word_1_105' title='bbox 1186 2053 1293 2136; x_wconf 88' lang='lat' dir='ltr'>quivis</span> 
     </span>
     <span class='ocr_line' id='line_1_14' title="bbox 128 2152 1293 2239; baseline 0.004 -22"><span class='ocrx_word' id='word_1_106' title='bbox 128 2152 298 2218; x_wconf 91' lang='lat' dir='ltr'>concedet.</span> <span class='ocrx_word' id='word_1_107' title='bbox 342 2155 451 2237; x_wconf 82' lang='lat' dir='ltr'>Atque</span> <span class='ocrx_word' id='word_1_108' title='bbox 479 2156 514 2220; x_wconf 91' lang='lat' dir='ltr'>in</span> <span class='ocrx_word' id='word_1_109' title='bbox 542 2156 605 2220; x_wconf 91' lang='lat' dir='ltr'>hac</span> <span class='ocrx_word' id='word_1_110' title='bbox 634 2175 766 2239; x_wconf 90' lang='lat' dir='ltr'>quoque</span> <span class='ocrx_word' id='word_1_111' title='bbox 797 2175 832 2220; x_wconf 89' lang='lat' dir='ltr'>re</span> <span class='ocrx_word' id='word_1_112' title='bbox 858 2155 974 2220; x_wconf 87' lang='lat' dir='ltr'>Iubam</span> <span class='ocrx_word' id='word_1_113' title='bbox 995 2156 1169 2221; x_wconf 91' lang='lat' dir='ltr'>Heliodori</span> <span class='ocrx_word' id='word_1_114' title='bbox 1191 2158 1293 2222; x_wconf 85' lang='lat' dir='ltr'>vesti·</span> 
     </span>
     <span class='ocr_line' id='line_1_15' title="bbox 126 2256 784 2338; baseline 0.005 -18"><span class='ocrx_word' id='word_1_115' title='bbox 126 2256 191 2338; x_wconf 82' lang='lat' dir='ltr'>giis</span> <span class='ocrx_word' id='word_1_116' title='bbox 214 2257 377 2324; x_wconf 88' lang='lat' dir='ltr'>institisse</span> <span class='ocrx_word' id='word_1_117' title='bbox 399 2258 469 2322; x_wconf 86' lang='lat' dir='ltr'>veri</span> <span class='ocrx_word' id='word_1_118' title='bbox 492 2263 543 2323; x_wconf 91' lang='lat' dir='ltr'>est</span> <span class='ocrx_word' id='word_1_119' title='bbox 566 2259 784 2325; x_wconf 88' lang='lat' dir='ltr'>simillimum.</span> 
     </span>
    </p>

    <p class='ocr_par' dir='ltr' id='par_1_2' title="bbox 120 2361 1293 3582">
     <span class='ocr_line' id='line_1_16' title="bbox 213 2361 1292 2444; baseline 0.005 -18"><span class='ocrx_word' id='word_1_120' title='bbox 213 2361 338 2426; x_wconf 86' lang='lat' dir='ltr'>Contra</span> <span class='ocrx_word' id='word_1_121' title='bbox 361 2361 468 2428; x_wconf 90' lang='lat' dir='ltr'>Varro</span> <span class='ocrx_word' id='word_1_122' title='bbox 497 2382 536 2428; x_wconf 92' lang='lat' dir='ltr'>ea</span> <span class='ocrx_word' id='word_1_123' title='bbox 563 2363 776 2444; x_wconf 89' lang='lat' dir='ltr'>potissimum</span> <span class='ocrx_word' id='word_1_124' title='bbox 806 2383 824 2426; x_wconf 92' lang='lat' dir='ltr'>e</span> <span class='ocrx_word' id='word_1_125' title='bbox 850 2363 987 2428; x_wconf 87' lang='lat' dir='ltr'>Graecis</span> <span class='ocrx_word' id='word_1_126' title='bbox 1016 2364 1050 2428; x_wconf 92' lang='lat' dir='ltr'>in</span> <span class='ocrx_word' id='word_1_127' title='bbox 1079 2364 1183 2429; x_wconf 89' lang='lat' dir='ltr'>libros</span> <span class='ocrx_word' id='word_1_128' title='bbox 1213 2386 1292 2431; x_wconf 91' lang='lat' dir='ltr'>suos</span> 
     </span>
     <span class='ocr_line' id='line_1_17' title="bbox 125 2464 1292 2549; baseline 0.005 -21"><span class='ocrx_word' id='word_1_129' title='bbox 125 2464 308 2542; x_wconf 83' lang='lat' dir='ltr'>transtulit,</span> <span class='ocrx_word' id='word_1_130' title='bbox 332 2485 416 2546; x_wconf 91' lang='lat' dir='ltr'>quae</span> <span class='ocrx_word' id='word_1_131' title='bbox 440 2465 474 2529; x_wconf 90' lang='lat' dir='ltr'>in</span> <span class='ocrx_word' id='word_1_132' title='bbox 496 2466 605 2547; x_wconf 90' lang='lat' dir='ltr'>poetis</span> <span class='ocrx_word' id='word_1_133' title='bbox 621 2467 784 2532; x_wconf 87' lang='lat' dir='ltr'>Romanis</span> <span class='ocrx_word' id='word_1_134' title='bbox 803 2466 1066 2549; x_wconf 89' lang='lat' dir='ltr'>interpretandis</span> <span class='ocrx_word' id='word_1_135' title='bbox 1088 2468 1164 2532; x_wconf 90' lang='lat' dir='ltr'>usui</span> <span class='ocrx_word' id='word_1_136' title='bbox 1187 2473 1292 2534; x_wconf 88' lang='lat' dir='ltr'>eraut.</span> 
     </span>
     <span class='ocr_line' id='line_1_18' title="bbox 125 2567 1292 2654; baseline 0.006 -23"><span class='ocrx_word' id='word_1_137' title='bbox 125 2567 361 2633; x_wconf 87' lang='lat' dir='ltr'>Verumtamen</span> <span class='ocrx_word' id='word_1_138' title='bbox 396 2572 428 2633; x_wconf 89' lang='lat' dir='ltr'>et</span> <span class='ocrx_word' id='word_1_139' title='bbox 461 2587 481 2633; x_wconf 89' lang='lat' dir='ltr'>a</span> <span class='ocrx_word' id='word_1_140' title='bbox 508 2567 627 2635; x_wconf 87' lang='lat' dir='ltr'>Plauto</span> <span class='ocrx_word' id='word_1_141' title='bbox 657 2569 884 2653; x_wconf 83' lang='lat' dir='ltr'>Terentioque</span> <span class='ocrx_word' id='word_1_142' title='bbox 916 2575 949 2634; x_wconf 88' lang='lat' dir='ltr'>ct</span> <span class='ocrx_word' id='word_1_143' title='bbox 982 2591 1003 2635; x_wconf 90' lang='lat' dir='ltr'>a</span> <span class='ocrx_word' id='word_1_144' title='bbox 1036 2570 1155 2636; x_wconf 90' lang='lat' dir='ltr'>ceteris</span> <span class='ocrx_word' id='word_1_145' title='bbox 1182 2573 1292 2654; x_wconf 90' lang='lat' dir='ltr'>poetis</span> 
     </span>
     <span class='ocr_line' id='line_1_19' title="bbox 124 2671 1293 2759; baseline 0.005 -24"><span class='ocrx_word' id='word_1_146' title='bbox 124 2671 289 2735; x_wconf 90' lang='lat' dir='ltr'>Romanis</span> <span class='ocrx_word' id='word_1_147' title='bbox 312 2671 512 2737; x_wconf 86' lang='lat' dir='ltr'>multifariae</span> <span class='ocrx_word' id='word_1_148' title='bbox 537 2672 612 2737; x_wconf 90' lang='lat' dir='ltr'>illae</span> <span class='ocrx_word' id='word_1_149' title='bbox 642 2674 857 2755; x_wconf 86' lang='lat' dir='ltr'>stropharum</span> <span class='ocrx_word' id='word_1_150' title='bbox 887 2675 1189 2754; x_wconf 54' lang='lat' dir='ltr'>conformationem</span> <span class='ocrx_word' id='word_1_151' title='bbox 1223 2677 1293 2759; x_wconf 91' lang='lat' dir='ltr'>qui·</span> 
     </span>
     <span class='ocr_line' id='line_1_20' title="bbox 124 2774 1293 2857; baseline 0.006 -19"><span class='ocrx_word' id='word_1_152' title='bbox 124 2776 189 2839; x_wconf 89' lang='lat' dir='ltr'>bus</span> <span class='ocrx_word' id='word_1_153' title='bbox 212 2774 472 2857; x_wconf 86' lang='lat' dir='ltr'>Hephaestionis</span> <span class='ocrx_word' id='word_1_154' title='bbox 496 2776 669 2843; x_wconf 89' lang='lat' dir='ltr'>doctrinae</span> <span class='ocrx_word' id='word_1_155' title='bbox 696 2778 951 2842; x_wconf 83' lang='lat' dir='ltr'>fundamentum</span> <span class='ocrx_word' id='word_1_156' title='bbox 980 2778 1135 2856; x_wconf 86' lang='lat' dir='ltr'>efficitur,</span> <span class='ocrx_word' id='word_1_157' title='bbox 1163 2779 1293 2845; x_wconf 91' lang='lat' dir='ltr'>alienae</span> 
     </span>
     <span class='ocr_line' id='line_1_21' title="bbox 124 2878 1291 2947; baseline 0.003 -4"><span class='ocrx_word' id='word_1_158' title='bbox 124 2884 214 2943; x_wconf 88' lang='lat' dir='ltr'>sunt.</span> <span class='ocrx_word' id='word_1_159' title='bbox 253 2878 391 2943; x_wconf 89' lang='lat' dir='ltr'>Caesius</span> <span class='ocrx_word' id='word_1_160' title='bbox 414 2878 605 2944; x_wconf 89' lang='lat' dir='ltr'>universam</span> <span class='ocrx_word' id='word_1_161' title='bbox 622 2880 691 2943; x_wconf 84' lang='lat' dir='ltr'>tere</span> <span class='ocrx_word' id='word_1_162' title='bbox 707 2880 897 2944; x_wconf 87' lang='lat' dir='ltr'>doctrinam</span> <span class='ocrx_word' id='word_1_163' title='bbox 912 2881 1087 2945; x_wconf 88' lang='lat' dir='ltr'>metricam</span> <span class='ocrx_word' id='word_1_164' title='bbox 1102 2882 1145 2945; x_wconf 87' lang='lat' dir='ltr'>ad</span> <span class='ocrx_word' id='word_1_165' title='bbox 1160 2882 1291 2947; x_wconf 87' lang='lat' dir='ltr'>Horatii</span> 
     </span>
     <span class='ocr_line' id='line_1_22' title="bbox 122 2981 1289 3069; baseline 0.005 -24"><span class='ocrx_word' id='word_1_166' title='bbox 122 2981 276 3045; x_wconf 91' lang='lat' dir='ltr'>carmina</span> <span class='ocrx_word' id='word_1_167' title='bbox 303 2982 502 3064; x_wconf 85' lang='lat' dir='ltr'>explicanda</span> <span class='ocrx_word' id='word_1_168' title='bbox 530 2982 666 3061; x_wconf 83' lang='lat' dir='ltr'>direxit,</span> <span class='ocrx_word' id='word_1_169' title='bbox 699 2983 959 3048; x_wconf 88' lang='lat' dir='ltr'>Fortunatianus</span> <span class='ocrx_word' id='word_1_170' title='bbox 988 3005 1019 3066; x_wconf 91' lang='lat' dir='ltr'>p.</span> <span class='ocrx_word' id='word_1_171' title='bbox 1043 2985 1121 3063; x_wconf 68' lang='lat'>278,</span> <span class='ocrx_word' id='word_1_172' title='bbox 1147 2987 1183 3049; x_wconf 90' lang='grc'>11</span> <span class='ocrx_word' id='word_1_173' title='bbox 1216 3007 1289 3069; x_wconf 89' lang='lat' dir='ltr'>sqq.</span> 
     </span>
     <span class='ocr_line' id='line_1_23' title="bbox 123 3084 1293 3170; baseline 0.004 -21"><span class='ocrx_word' id='word_1_174' title='bbox 123 3104 162 3149; x_wconf 90' lang='lat' dir='ltr'>se</span> <span class='ocrx_word' id='word_1_175' title='bbox 186 3084 229 3149; x_wconf 91' lang='lat' dir='ltr'>de</span> <span class='ocrx_word' id='word_1_176' title='bbox 253 3086 411 3149; x_wconf 84' lang='lat' dir='ltr'>universa</span> <span class='ocrx_word' id='word_1_177' title='bbox 437 3090 507 3149; x_wconf 90' lang='lat' dir='ltr'>arte</span> <span class='ocrx_word' id='word_1_178' title='bbox 537 3086 676 3151; x_wconf 90' lang='lat' dir='ltr'>metrica</span> <span class='ocrx_word' id='word_1_179' title='bbox 704 3106 743 3149; x_wconf 88' lang='lat' dir='ltr'>co</span> <span class='ocrx_word' id='word_1_180' title='bbox 773 3090 903 3151; x_wconf 90' lang='lat' dir='ltr'>tantum</span> <span class='ocrx_word' id='word_1_181' title='bbox 931 3087 1074 3151; x_wconf 91' lang='lat' dir='ltr'>consilio</span> <span class='ocrx_word' id='word_1_182' title='bbox 1107 3108 1222 3170; x_wconf 82' lang='lat' dir='ltr'>agere,</span> <span class='ocrx_word' id='word_1_183' title='bbox 1254 3096 1293 3154; x_wconf 91' lang='lat' dir='ltr'>ut</span> 
     </span>
     <span class='ocr_line' id='line_1_24' title="bbox 120 3188 1291 3273; baseline 0.004 -20"><span class='ocrx_word' id='word_1_184' title='bbox 120 3188 168 3253; x_wconf 91' lang='lat' dir='ltr'>ad</span> <span class='ocrx_word' id='word_1_185' title='bbox 184 3192 292 3253; x_wconf 90' lang='lat' dir='ltr'>metra</span> <span class='ocrx_word' id='word_1_186' title='bbox 306 3189 491 3261; x_wconf 88' lang='lat' dir='ltr'>Horatiana</span> <span class='ocrx_word' id='word_1_187' title='bbox 506 3189 634 3255; x_wconf 89' lang='lat' dir='ltr'>aditum</span> <span class='ocrx_word' id='word_1_188' title='bbox 655 3189 719 3254; x_wconf 89' lang='lat' dir='ltr'>sibi</span> <span class='ocrx_word' id='word_1_189' title='bbox 734 3191 949 3271; x_wconf 87' lang='lat' dir='ltr'>patefaceret,</span> <span class='ocrx_word' id='word_1_190' title='bbox 972 3191 1096 3255; x_wconf 87' lang='lat' dir='ltr'>diserte</span> <span class='ocrx_word' id='word_1_191' title='bbox 1117 3193 1291 3273; x_wconf 83' lang='lat' dir='ltr'>professus</span> 
     </span>
     <span class='ocr_line' id='line_1_25' title="bbox 122 3292 1291 3375; baseline 0.005 -20"><span class='ocrx_word' id='word_1_192' title='bbox 122 3297 189 3355; x_wconf 88' lang='lat' dir='ltr'>est.</span> <span class='ocrx_word' id='word_1_193' title='bbox 243 3292 286 3355; x_wconf 92' lang='lat' dir='ltr'>Hi</span> <span class='ocrx_word' id='word_1_194' title='bbox 320 3292 419 3374; x_wconf 83' lang='lat' dir='ltr'>igitur</span> <span class='ocrx_word' id='word_1_195' title='bbox 453 3313 588 3358; x_wconf 89' lang='lat' dir='ltr'>causam</span> <span class='ocrx_word' id='word_1_196' title='bbox 622 3298 775 3357; x_wconf 89' lang='lat' dir='ltr'>accurate</span> <span class='ocrx_word' id='word_1_197' title='bbox 810 3294 850 3357; x_wconf 90' lang='lat' dir='ltr'>de</span> <span class='ocrx_word' id='word_1_198' title='bbox 884 3297 1077 3375; x_wconf 90' lang='lat' dir='ltr'>poematum</span> <span class='ocrx_word' id='word_1_199' title='bbox 1113 3296 1291 3375; x_wconf 84' lang='lat' dir='ltr'>generibus</span> 
     </span>
     <span class='ocr_line' id='line_1_26' title="bbox 120 3394 1292 3476; baseline 0.003 -17"><span class='ocrx_word' id='word_1_200' title='bbox 120 3394 247 3476; x_wconf 84' lang='lat' dir='ltr'>agendi</span> <span class='ocrx_word' id='word_1_201' title='bbox 272 3414 341 3459; x_wconf 92' lang='lat' dir='ltr'>non</span> <span class='ocrx_word' id='word_1_202' title='bbox 365 3396 544 3474; x_wconf 87' lang='lat' dir='ltr'>habebant,</span> <span class='ocrx_word' id='word_1_203' title='bbox 568 3396 634 3461; x_wconf 90' lang='lat' dir='ltr'>nisi</span> <span class='ocrx_word' id='word_1_204' title='bbox 663 3397 703 3460; x_wconf 89' lang='lat' dir='ltr'>de</span> <span class='ocrx_word' id='word_1_205' title='bbox 727 3396 932 3461; x_wconf 85' lang='lat' dir='ltr'>carminibus</span> <span class='ocrx_word' id='word_1_206' title='bbox 954 3396 1148 3462; x_wconf 89' lang='lat' dir='ltr'>Horatianis</span> <span class='ocrx_word' id='word_1_207' title='bbox 1173 3418 1292 3463; x_wconf 90' lang='lat' dir='ltr'>mono·</span> 
     </span>
     <span class='ocr_line' id='line_1_27' title="bbox 120 3498 1292 3582; baseline 0.005 -21"><span class='ocrx_word' id='word_1_208' title='bbox 120 3498 299 3579; x_wconf 92' lang='lat' dir='ltr'>strophice</span> <span class='ocrx_word' id='word_1_209' title='bbox 329 3498 529 3582; x_wconf 86' lang='lat' dir='ltr'>conscriptis</span> <span class='ocrx_word' id='word_1_210' title='bbox 555 3518 661 3581; x_wconf 89' lang='lat' dir='ltr'>pauca</span> <span class='ocrx_word' id='word_1_211' title='bbox 690 3520 828 3564; x_wconf 89' lang='lat' dir='ltr'>monere</span> <span class='ocrx_word' id='word_1_212' title='bbox 863 3520 905 3563; x_wconf 81' lang='lat' dir='ltr'>ex</span> <span class='ocrx_word' id='word_1_213' title='bbox 933 3520 968 3564; x_wconf 92' lang='lat' dir='ltr'>re</span> <span class='ocrx_word' id='word_1_214' title='bbox 997 3520 1072 3565; x_wconf 92' lang='lat' dir='ltr'>esse</span> <span class='ocrx_word' id='word_1_215' title='bbox 1099 3503 1292 3567; x_wconf 88' lang='lat' dir='ltr'>censebant.</span> 
     </span>
    </p>

    <p class='ocr_par' dir='ltr' id='par_1_3' title="bbox 112 3602 1292 3994">
     <span class='ocr_line' id='line_1_28' title="bbox 209 3602 1291 3685; baseline 0.003 -19"><span class='ocrx_word' id='word_1_216' title='bbox 209 3602 318 3685; x_wconf 85' lang='lat' dir='ltr'>Atque</span> <span class='ocrx_word' id='word_1_217' title='bbox 353 3602 521 3667; x_wconf 87' lang='lat' dir='ltr'>Caesius</span> <span class='ocrx_word' id='word_1_218' title='bbox 554 3602 704 3685; x_wconf 91' lang='lat' dir='ltr'>quidem,</span> <span class='ocrx_word' id='word_1_219' title='bbox 742 3623 818 3667; x_wconf 92' lang='lat' dir='ltr'>cum</span> <span class='ocrx_word' id='word_1_220' title='bbox 852 3604 1001 3668; x_wconf 90' lang='lat' dir='ltr'>carmina</span> <span class='ocrx_word' id='word_1_221' title='bbox 1033 3604 1219 3669; x_wconf 86' lang='lat' dir='ltr'>Horatiana</span> <span class='ocrx_word' id='word_1_222' title='bbox 1251 3626 1291 3670; x_wconf 85' lang='lat' dir='ltr'>ex</span> 
     </span>
     <span class='ocr_line' id='line_1_29' title="bbox 118 3704 1292 3790; baseline 0.003 -21"><span class='ocrx_word' id='word_1_223' title='bbox 118 3704 247 3769; x_wconf 91' lang='lat' dir='ltr'>ordine</span> <span class='ocrx_word' id='word_1_224' title='bbox 279 3705 484 3787; x_wconf 90' lang='lat' dir='ltr'>perlustrare</span> <span class='ocrx_word' id='word_1_225' title='bbox 518 3706 717 3785; x_wconf 89' lang='lat' dir='ltr'>institueret,</span> <span class='ocrx_word' id='word_1_226' title='bbox 749 3706 783 3770; x_wconf 95' lang='lat' dir='ltr'>in</span> <span class='ocrx_word' id='word_1_227' title='bbox 811 3707 921 3788; x_wconf 90' lang='lat' dir='ltr'>primo</span> <span class='ocrx_word' id='word_1_228' title='bbox 952 3707 1100 3771; x_wconf 89' lang='lat' dir='ltr'>carmine</span> <span class='ocrx_word' id='word_1_229' title='bbox 1128 3708 1292 3790; x_wconf 89' lang='lat' dir='ltr'>interpre-</span> 
     </span>
     <span class='ocr_line' id='line_1_30' title="bbox 118 3806 1292 3901; baseline 0.003 -28"><span class='ocrx_word' id='word_1_230' title='bbox 118 3806 231 3873; x_wconf 92' lang='lat' dir='ltr'>tando</span> <span class='ocrx_word' id='word_1_231' title='bbox 264 3808 306 3871; x_wconf 93' lang='lat' dir='ltr'>de</span> <span class='ocrx_word' id='word_1_232' title='bbox 338 3808 495 3872; x_wconf 89' lang='lat' dir='ltr'>universa</span> <span class='ocrx_word' id='word_1_233' title='bbox 527 3809 657 3873; x_wconf 90' lang='lat' dir='ltr'>Horatii</span> <span class='ocrx_word' id='word_1_234' title='bbox 691 3808 876 3873; x_wconf 87' lang='lat' dir='ltr'>carminum</span> <span class='ocrx_word' id='word_1_235' title='bbox 909 3810 1176 3901; x_wconf 82' lang='lat' dir='ltr'>conformatione</span> <span class='ocrx_word' id='word_1_236' title='bbox 1210 3813 1292 3877; x_wconf 92' lang='lat' dir='ltr'>haec</span> 
     </span>
     <span class='ocr_line' id='line_1_31' title="bbox 112 3911 736 3994; baseline -0.002 -17"><span class='ocrx_word' id='word_1_237' title='bbox 112 3911 336 3994; x_wconf 89' lang='lat' dir='ltr'>praemonuit</span> <span class='ocrx_word' id='word_1_238' title='bbox 358 3912 402 3993; x_wconf 83' lang='lat' dir='ltr'>(p.</span> <span class='ocrx_word' id='word_1_239' title='bbox 425 3912 497 3991; x_wconf 72' lang='lat'>266,</span> <span class='ocrx_word' id='word_1_240' title='bbox 513 3912 671 3991; x_wconf 71' lang='lat' dir='ltr'>att—267,</span> <span class='ocrx_word' id='word_1_241' title='bbox 687 3914 736 3994; x_wconf 70' lang='lat' dir='ltr'>bl:</span> 
     </span>
    </p>

    <p class='ocr_par' dir='ltr' id='par_1_4' title="bbox 108 4014 1292 4407">
     <span class='ocr_line' id='line_1_32' title="bbox 210 4014 1292 4100; baseline 0.003 -21"><span class='ocrx_word' id='word_1_242' title='bbox 210 4014 474 4096; x_wconf 91' lang='lat' dir='ltr'>„Monostropha</span> <span class='ocrx_word' id='word_1_243' title='bbox 496 4019 657 4080; x_wconf 88' lang='lat' dir='ltr'>vocantur</span> <span class='ocrx_word' id='word_1_244' title='bbox 683 4016 766 4080; x_wconf 90' lang='lat' dir='ltr'>haec</span> <span class='ocrx_word' id='word_1_245' title='bbox 796 4016 955 4093; x_wconf 87' lang='lat' dir='ltr'>carmina,</span> <span class='ocrx_word' id='word_1_246' title='bbox 984 4016 1061 4098; x_wconf 92' lang='lat' dir='ltr'>quia</span> <span class='ocrx_word' id='word_1_247' title='bbox 1082 4019 1127 4082; x_wconf 89' lang='lat' dir='ltr'>ad</span> <span class='ocrx_word' id='word_1_248' title='bbox 1147 4018 1292 4100; x_wconf 90' lang='lat' dir='ltr'>primam</span> 
     </span>
     <span class='ocr_line' id='line_1_33' title="bbox 112 4118 1291 4203; baseline 0.003 -20"><span class='ocrx_word' id='word_1_249' title='bbox 112 4118 290 4199; x_wconf 87' lang='lat' dir='ltr'>strophen</span> <span class='ocrx_word' id='word_1_250' title='bbox 313 4122 422 4183; x_wconf 89' lang='lat' dir='ltr'>cetera</span> <span class='ocrx_word' id='word_1_251' title='bbox 444 4120 652 4201; x_wconf 90' lang='lat' dir='ltr'>respondent</span> <span class='ocrx_word' id='word_1_252' title='bbox 674 4119 786 4183; x_wconf 91' lang='lat' dir='ltr'>nulla</span> <span class='ocrx_word' id='word_1_253' title='bbox 808 4119 1118 4185; x_wconf 91' lang='lat' dir='ltr'>interveniente</span> <span class='ocrx_word' id='word_1_254' title='bbox 1145 4122 1291 4203; x_wconf 90' lang='lat' dir='ltr'>epodo,</span> 
     </span>
     <span class='ocr_line' id='line_1_34' title="bbox 110 4222 1291 4307; baseline 0.003 -21"><span class='ocrx_word' id='word_1_255' title='bbox 110 4240 208 4305; x_wconf 88' lang='lat' dir='ltr'>quae</span> <span class='ocrx_word' id='word_1_256' title='bbox 234 4241 308 4285; x_wconf 89' lang='lat' dir='ltr'>cum</span> <span class='ocrx_word' id='word_1_257' title='bbox 328 4242 348 4286; x_wconf 88' lang='lat' dir='ltr'>a</span> <span class='ocrx_word' id='word_1_258' title='bbox 368 4222 477 4304; x_wconf 90' lang='lat' dir='ltr'>prima</span> <span class='ocrx_word' id='word_1_259' title='bbox 499 4224 636 4305; x_wconf 90' lang='lat' dir='ltr'>strophe</span> <span class='ocrx_word' id='word_1_260' title='bbox 658 4222 799 4301; x_wconf 88' lang='lat' dir='ltr'>differat,</span> <span class='ocrx_word' id='word_1_261' title='bbox 823 4223 925 4287; x_wconf 86' lang='lat' dir='ltr'>iaciat</span> <span class='ocrx_word' id='word_1_262' title='bbox 942 4243 1026 4303; x_wconf 88' lang='lat' dir='ltr'>eam,</span> <span class='ocrx_word' id='word_1_263' title='bbox 1050 4244 1149 4307; x_wconf 87' lang='lat' dir='ltr'>quam</span> <span class='ocrx_word' id='word_1_264' title='bbox 1172 4226 1291 4289; x_wconf 89' lang='lat' dir='ltr'>musici</span> 
     </span>
     <span class='ocr_line' id='line_1_35' title="bbox 108 4325 746 4407; baseline -0.005 -14"><span class='ocrx_word' id='word_1_265' title='bbox 108 4332 147 4393; x_wconf 89' lang='lat' dir='ltr'>et</span> <span class='ocrx_word' id='word_1_266' title='bbox 174 4325 387 4407; x_wconf 81' lang='lat' dir='ltr'>grammatici</span> <span class='ocrx_word' id='word_1_267' title='bbox 408 4325 517 4390; x_wconf 91' lang='lat' dir='ltr'>triada</span> <span class='ocrx_word' id='word_1_268' title='bbox 540 4327 746 4391; x_wconf 78' lang='lat' dir='ltr'>nominant.“</span> 
     </span>
    </p>

    <p class='ocr_par' dir='ltr' id='par_1_5' title="bbox 104 4428 1291 4719">
     <span class='ocr_line' id='line_1_36' title="bbox 210 4428 1291 4511; baseline 0.005 -20"><span class='ocrx_word' id='word_1_269' title='bbox 210 4428 303 4505; x_wconf 88' lang='lat' dir='ltr'>Quae</span> <span class='ocrx_word' id='word_1_270' title='bbox 334 4428 501 4493; x_wconf 89' lang='lat' dir='ltr'>enarratio</span> <span class='ocrx_word' id='word_1_271' title='bbox 536 4429 687 4511; x_wconf 89' lang='lat' dir='ltr'>quamvis</span> <span class='ocrx_word' id='word_1_272' title='bbox 720 4429 763 4493; x_wconf 91' lang='lat' dir='ltr'>ad</span> <span class='ocrx_word' id='word_1_273' title='bbox 792 4433 920 4494; x_wconf 89' lang='lat' dir='ltr'>certum</span> <span class='ocrx_word' id='word_1_274' title='bbox 948 4434 1118 4495; x_wconf 89' lang='lat' dir='ltr'>auctorem</span> <span class='ocrx_word' id='word_1_275' title='bbox 1142 4432 1291 4496; x_wconf 86' lang='lat' dir='ltr'>revocari</span> 
     </span>
     <span class='ocr_line' id='line_1_37' title="bbox 105 4531 1290 4616; baseline 0.001 -18"><span class='ocrx_word' id='word_1_276' title='bbox 105 4536 279 4616; x_wconf 89' lang='lat' dir='ltr'>nequeat,</span> <span class='ocrx_word' id='word_1_277' title='bbox 303 4552 344 4596; x_wconf 85' lang='lat' dir='ltr'>ex</span> <span class='ocrx_word' id='word_1_278' title='bbox 367 4531 484 4597; x_wconf 89' lang='lat' dir='ltr'>eodem</span> <span class='ocrx_word' id='word_1_279' title='bbox 508 4531 600 4596; x_wconf 90' lang='lat' dir='ltr'>fonte</span> <span class='ocrx_word' id='word_1_280' title='bbox 623 4533 742 4596; x_wconf 89' lang='lat' dir='ltr'>hausta</span> <span class='ocrx_word' id='word_1_281' title='bbox 767 4552 842 4597; x_wconf 88' lang='lat' dir='ltr'>esse</span> <span class='ocrx_word' id='word_1_282' title='bbox 865 4532 995 4597; x_wconf 88' lang='lat' dir='ltr'>videtur</span> <span class='ocrx_word' id='word_1_283' title='bbox 1018 4554 1059 4597; x_wconf 85' lang='lat' dir='ltr'>ex</span> <span class='ocrx_word' id='word_1_284' title='bbox 1082 4553 1147 4616; x_wconf 91' lang='lat' dir='ltr'>quo</span> <span class='ocrx_word' id='word_1_285' title='bbox 1170 4535 1290 4599; x_wconf 88' lang='lat' dir='ltr'>Aristi·</span> 
     </span>
     <span class='ocr_line' id='line_1_38' title="bbox 104 4632 1291 4719; baseline 0 -18"><span class='ocrx_word' id='word_1_286' title='bbox 104 4638 170 4701; x_wconf 91' lang='lat' dir='ltr'>dis</span> <span class='ocrx_word' id='word_1_287' title='bbox 199 4634 314 4713; x_wconf 89' lang='lat' dir='ltr'>Quint.</span> <span class='ocrx_word' id='word_1_288' title='bbox 337 4636 439 4700; x_wconf 91' lang='lat' dir='ltr'>verba</span> <span class='ocrx_word' id='word_1_289' title='bbox 461 4656 493 4717; x_wconf 92' lang='lat' dir='ltr'>p.</span> <span class='ocrx_word' id='word_1_290' title='bbox 510 4636 560 4714; x_wconf 88' lang='lat'>37,</span> <span class='ocrx_word' id='word_1_291' title='bbox 582 4638 620 4700; x_wconf 70' lang='lat'>12</span> <span class='ocrx_word' id='word_1_292' title='bbox 644 4656 692 4719; x_wconf 90' lang='lat' dir='ltr'>sq.</span> <span class='ocrx_word' id='word_1_293' title='bbox 716 4636 770 4699; x_wconf 78' lang='grc' dir='ltr'>καὶ</span> <span class='ocrx_word' id='word_1_294' title='bbox 791 4633 883 4712; x_wconf 76' lang='grc' dir='ltr'>πάλιν</span> <span class='ocrx_word' id='word_1_295' title='bbox 905 4632 1022 4701; x_wconf 74' lang='grc' dir='ltr'><strong>τούτων</strong></span> <span class='ocrx_word' id='word_1_296' title='bbox 1045 4638 1104 4717; x_wconf 91' lang='lat' dir='ltr'>(sc.</span> <span class='ocrx_word' id='word_1_297' title='bbox 1126 4636 1187 4703; x_wconf 81' lang='grc' dir='ltr'>τῶν</span> <span class='ocrx_word' id='word_1_298' title='bbox 1209 4635 1291 4703; x_wconf 86' lang='grc' dir='ltr'>ἀντι-</span> 
     </span>
    </p>

    <p class='ocr_par' dir='ltr' id='par_1_6' title="bbox 1123 4758 1137 4809">
     <span class='ocr_line' id='line_1_39' title="bbox 1123 4758 1137 4809; baseline 0 0"><span class='ocrx_word' id='word_1_299' title='bbox 1123 4758 1137 4809; x_wconf 86' lang='grc'>7</span> 
     </span>
    </p>
   </div>
   <div class='ocr_carea' id='block_1_2' title="bbox 0 0 1734 5200">
    <p class='ocr_par' dir='ltr' id='par_1_7' title="bbox 0 0 1734 5200">
     <span class='ocr_line' id='line_1_40' title="bbox 0 0 1734 5200; baseline 0 6"><span class='ocrx_word' id='word_1_300' title='bbox 0 0 1734 5200; x_wconf 95' lang='lat' dir='ltr'> </span> 
     </span>
    </p>
   </div>
  </div>
 </body>
</html>
