3459 5200
983 545 1024 608 56

422 749 632 815 reconciliari
668 769 743 817 cum
775 772 840 817 usu
872 752 908 817 in
940 753 1158 818 Aristarchea
1190 752 1305 817 Alcaei
1342 753 1489 818 editione
1527 755 1595 820 ob-

422 858 554 918 servato
570 855 721 920 vidimus.
767 857 811 920 At
829 856 1036 938 Hephaestio
1058 858 1140 939 ipse,
1164 876 1239 921 cum
1260 861 1294 922 et
1311 858 1596 923 consuetudinem

420 957 587 1038 quandam
627 959 780 1024 asterisci
814 960 999 1042 usurpandi
1029 960 1119 1024 dicat
1149 963 1182 1024 et
1213 960 1348 1024 unicam
1375 961 1490 1026 Alcaei
1518 961 1597 1027 edi·

420 1059 548 1124 tionem
571 1061 734 1142 significet
762 1061 874 1126 verbis
903 1062 954 1126 ἐπὶ
982 1062 1017 1125 δὲ
1043 1062 1105 1127 τῶν
1132 1057 1279 1126 Ἀλκαίου
1312 1061 1394 1140 ἰδίως
1424 1064 1510 1146 κτλ,
1540 1064 1598 1129 di·

419 1182 551 1228 versam
579 1164 683 1230 fuisse
711 1165 851 1230 notandi
879 1167 1044 1232 rationem
1075 1170 1108 1231 et
1130 1165 1220 1248 apud
1243 1165 1395 1232 diversos
1416 1168 1510 1251 lyrici
1532 1189 1598 1249 ge-

422 1265 513 1331 neris
540 1271 657 1349 poetas
687 1273 719 1333 et
748 1289 768 1334 a
797 1269 939 1334 diversis
967 1269 1206 1353 interpretibus
1235 1269 1352 1335 initam
1381 1276 1498 1337 auctor
1527 1277 1598 1337 est

421 1369 513 1448 Quae
537 1390 612 1436 cum
635 1372 681 1436 ita
704 1372 781 1452 sint,
803 1373 875 1437 veri
895 1373 932 1437 fit
955 1373 1161 1438 simillimum
1183 1374 1286 1439 verba
1310 1395 1344 1458 p.
1364 1375 1596 1440 xxixa-11

420 1473 575 1556 primitus
596 1475 639 1540 ad
658 1494 762 1539 unum
791 1476 995 1557 pertinuisse
1017 1479 1162 1558 poetam,
1184 1477 1274 1559 apud
1295 1497 1395 1559 quem
1417 1482 1451 1543 et
1469 1497 1600 1542 mono-

423 1578 562 1659 stropha
590 1583 623 1643 et
651 1578 791 1658 epodica
813 1580 1161 1661 deprehendebantur.
1214 1579 1421 1662 Hephaestio
1450 1580 1600 1662 ‚demum

396 1685 600 1763 praecepta
629 1681 686 1746 illa
720 1682 761 1746 de
796 1683 953 1748 omnibns
982 1683 1133 1748 omniurn
1166 1685 1343 1764 poetamm
1383 1684 1599 1750 carminibus

420 1785 531 1849 valere
553 1785 667 1864 voluit,
690 1805 766 1850 cum
790 1786 823 1849 id
845 1791 968 1870 ageret,
991 1791 1029 1851 ut
1051 1786 1239 1868 simplicem
1260 1790 1294 1851 et
1320 1806 1424 1852 unum
1446 1788 1599 1852 notandi

420 1907 518 1952 usum
548 1889 583 1951 in
611 1888 768 1953 omnibus
796 1890 906 1972 poetis
935 1890 1062 1973 pariter
1088 1889 1131 1954 ab
1160 1889 1318 1954 omnibus
1346 1891 1599 1974 interpretibus

423 1991 669 2056 observandum
709 1996 880 2060 statueret.
941 1992 1053 2058 Facile
1092 1991 1320 2075 suspicionem
1360 1993 1504 2058 moreris
1550 1994 1603 2058 de

422 2096 576 2160 Dracone
599 2095 857 2176 Stratonicensi,
886 2097 945 2161 sed
973 2115 1028 2161 res
1057 2100 1108 2160 est
1137 2115 1177 2161 ea
1206 2096 1241 2160 in
1268 2115 1334 2179 qua
1359 2102 1413 2162 sat
1439 2097 1483 2161 sit
1504 2096 1603 2161 iudi-

423 2197 509 2262 cium
532 2197 699 2263 cohibere.

507 2301 544 2364 In
578 2302 727 2366 carmine
755 2301 931 2367 Alcmanio
967 2322 1008 2368 ex
1037 2302 1303 2386 quattuordecim
1334 2301 1482 2385 strophis
1509 2319 1605 2365 con-

425 2409 534 2470 stante
564 2403 678 2487 diplen
707 2406 741 2470 in
770 2406 844 2488 ipsa
872 2406 1019 2490 rhythmi
1041 2405 1288 2489 permutatione
1320 2405 1467 2489 positam
1489 2403 1605 2469 luisse

422 2527 541 2591 parum
562 2512 652 2573 recte
673 2508 757 2574 dixit
772 2509 1002 2593 Westphalius
1025 2510 1179 2592 (Allgem.
1194 2510 1287 2575 Metr.
1308 2508 1451 2593 ³p.193).
1486 2508 1605 2573 Immo

423 2612 591 2694 prioribus
621 2617 749 2696 septem
786 2614 937 2696 strophis
965 2614 1162 2679 subiunctae
1192 2618 1289 2680 erant
1317 2614 1467 2696 singulae
1493 2631 1606 2694 para·

427 2716 555 2798 graphi,
579 2716 825 2797 posterioribus
849 2717 1000 2799 singulae
1023 2717 1143 2800 diplas,
1167 2717 1202 2782 id
1225 2717 1315 2800 quod
1337 2718 1403 2782 iam
1423 2718 1608 2799 perspexit

425 2820 532 2901 Bergk
553 2818 635 2884 PLG
658 2819 718 2883 ΙΙΙ4
738 2840 770 2903 p.
793 2820 931 2885 tii-28.

510 2923 546 2986 ln
569 2922 754 2988 fabularum
777 2923 952 2989 notatione
973 2944 1058 3007 quae
1081 2924 1122 2989 de
1147 2922 1318 2988 coronidis
1340 2942 1404 2988 usu
1426 2923 1512 2987 bene
1537 2942 1607 2989 ex·

424 3026 538 3109 posuit
560 3026 706 3091 Hensius
730 3028 750 3091 l.
770 3048 797 3093 c.
820 3048 852 3110 p.
868 3028 910 3093 38
926 3048 998 3110 sqq.
1021 3047 1090 3092 non
1112 3030 1165 3092 est
1185 3027 1275 3111 quod
1295 3031 1454 3110 repetam.
1490 3026 1606 3094 Para·

426 3129 542 3211 graphi
568 3130 689 3211 duplex
705 3130 907 3196 describitur
929 3130 1033 3196 notio.
1077 3130 1225 3195 Primum
1255 3130 1434 3196 adhibetur
1455 3130 1498 3195 ad
1515 3150 1607 3212 per·

428 3251 587 3298 sonarum
599 3234 791 3299 alternatim
810 3233 1031 3299 fabulantium
1050 3252 1224 3299 sermones
1241 3233 1494 3316 distinguendos
1509 3238 1549 3298 et
1566 3236 1607 3300 in

426 3336 570 3401 iambico
586 3356 707 3418 genere
728 3343 761 3403 et
782 3340 817 3402 in
840 3338 1018 3418 chorico.¹)
1052 3337 1178 3403 Eadem
1193 3338 1357 3403 discernit
1371 3337 1550 3419 stropham
1569 3342 1609 3403 et

427 3438 685 3522 antistropham,
708 3440 759 3504 vel
784 3440 812 3505 si
833 3460 970 3505 carmen
990 3441 1066 3523 plus
1089 3440 1172 3505 duas
1196 3442 1354 3524 strophas
1378 3439 1504 3505 similes
1522 3458 1607 3505 am-

426 3542 593 3625 plectitur,
620 3544 709 3625 quod
725 3544 913 3627 quamvisa
934 3532 1069 3626 tragicis
1096 3544 1283 3626 alienum,²)
1305 3543 1341 3608 in
1369 3542 1608 3625 Aristophane

427 3664 497 3709 non
525 3666 602 3711 raro
629 3668 693 3712 usu
720 3648 821 3725 venit,
851 3646 999 3730 singulas
1030 3647 1104 3712 illas
1140 3647 1298 3730 strophas
1327 3666 1436 3730 pares.
1480 3646 1607 3713 Oritur

430 3748 618 3831 difficultas,
642 3750 841 3834 ubicumque
864 3751 953 3815 intra
976 3752 1133 3834 strophas
1149 3752 1241 3834 ipsas
1261 3751 1481 3816 fabulantium
1495 3752 1608 3817 alter-

429 3852 521 3919 natio
555 3854 686 3919 accidit.
731 3855 766 3919 Si
801 3854 935 3938 quidem
969 3854 1198 3938 paragraphus
1232 3854 1299 3920 iam
1333 3853 1473 3937 singulis
1508 3858 1608 3921 stro-

428 3955 571 4039 phamm
603 3957 775 4038 particulis
810 3957 1031 4022 fabulantium
1063 3958 1287 4023 alternatione
1321 3958 1447 4022 effectis
1486 3957 1534 4039 (h.
1570 3980 1607 4023 e.

430 4055 572 4142 collegi)
601 4060 717 4126 addita
750 4064 810 4141 est,
841 4060 958 4125 eadem
989 4080 1057 4126 non
1087 4060 1208 4126 sufficit
1234 4061 1278 4126 ad
1306 4061 1466 4143 strophae
1494 4062 1603 4127 tinem

518 4265 537 4335 ι)
556 4266 627 4321 Ante
646 4268 742 4333 μεταξύ
761 4266 809 4336 τῆς
827 4283 856 4320 τε
874 4268 993 4335 στροφῆς
1010 4266 1169 4321 addendum
1187 4282 1250 4320 esse
1267 4265 1285 4334 ἡ
1304 4265 1474 4334 intellegitur
1487 4268 1607 4336 potissi-

431 4370 504 4407 mum
524 4370 556 4407 ex
575 4356 714 4409 coronidis
733 4354 907 4424 expositione
924 4369 1038 4423 prorsus
1057 4353 1159 4422 pariter
1177 4354 1358 4409 conformata

516 4440 538 4509 ²)
557 4443 606 4495 sed
625 4444 659 4495 cl.
678 4442 740 4497 Eur.
760 4443 832 4511 Cycl.
852 4460 878 4511 p.
896 4442 1044 4496 495-518.

519 4527 539 4595 ⁸)
557 4528 669 4583 Mirifice
694 4530 794 4584 erravit
818 4529 957 4595 Osannus,
981 4545 1043 4583 cum
1066 4530 1100 4583 de
1128 4528 1243 4597 singulis
1272 4529 1449 4597 stropharum
1473 4530 1611 4586 versibus

431 4612 572 4679 cogitaret.
