3459 5200
694 450 733 514 19

114 646 256 724 iactandi,
280 644 546 730 quandocumque
570 643 770 710 desideravit
797 643 986 728 imperantis
1015 642 1118 725 salus3
1151 662 1211 708 nee
1243 642 1325 707 haee

112 753 213 818 vilitas
235 753 284 818 sui
307 758 357 819 est
380 758 437 816 aut
460 752 631 836 dementia,
659 772 716 835 pro
742 771 804 815 uno
833 750 941 836 capite
974 756 1021 815 tot
1052 749 1143 814 milia
1175 749 1324 834 excipere

112 859 219 924 serrum
242 880 281 924 ae
304 858 412 924 multis
436 859 591 926 mortibus
613 881 709 924 auctu
732 861 870 922 uotorum
893 857 1059 941 redimere,
1088 875 1326 939 nonnumquam

112 967 192 1032 senis
211 973 243 1031 et
261 964 405 1031 invalidi.
434 963 704 1048 quemadmodum
728 970 828 1028 totum
851 986 962 1048 eorpus
984 967 1086 1029 cerrima
1110 962 1253 1030 deservit
1268 1015 1275 1030 .
1293 1014 1325 1030 ..

111 1075 154 1140 sie
175 1069 254 1138 haec
278 1073 423 1140 inmensa
446 1072 618 1136 multitudo
636 1075 727 1136 unius
743 1075 866 1136 (rainice
885 1070 1084 1136 circumdata
1103 1071 1191 1136 illius
1210 1071 1326 1156 spiritu

110 1184 227 1262 reptas,
251 1179 339 1246 illius
364 1179 488 1244 ratione
512 1178 649 1243 flectitur
672 1198 826 1263 pressura
842 1198 878 1244 se
892 1198 932 1243 ae
946 1176 1089 1243 fractura
1106 1178 1229 1243 viribus
1249 1179 1325 1261 suis,

110 1287 167 1352 nisi
195 1286 329 1352 consilio
359 1286 578 1353 sustineretur.
604 1285 645 1350 de
673 1286 764 1350 clem.
789 1285 804 1349 1
828 1288 857 1350 5.
876 1291 907 1351 1:
936 1287 1020 1353 Nam
1044 1286 1085 1364 si,
1110 1285 1198 1369 quod
1220 1284 1327 1350 adhue

109 1391 245 1476 conligit,
269 1399 305 1458 tu
328 1396 450 1458 culinus
472 1396 520 1457 rei
538 1395 679 1477 publicae
703 1399 778 1456 tuae
802 1412 845 1466 es,
878 1392 936 1456 illa
963 1415 1072 1476 corpure
1102 1399 1198 1478 tuum,
1226 1391 1327 1477 vides,

109 1507 140 1564 ut
165 1507 250 1585 puto,
274 1520 372 1582 quam
395 1499 580 1566 necessaria
604 1500 647 1565 sit
669 1499 851 1566 elementia.
876 1497 973 1584 (conf.
997 1500 1097 1566 etiarn
1115 1501 1152 1567 Τ.
1168 1499 1249 1565 dnn.
1268 1499 1329 1566 19.

112 1610 148 1673 15
171 1615 203 1673 et
227 1607 258 1672 S.
290 1607 331 1672 de
358 1605 463 1672 benef.
487 1605 514 1670 V
541 1609 628 1673 16.4
652 1613 746 1686 extr,
777 1605 895 1671 deinde
922 1607 960 1673 Τ.
995 1609 1076 1673 Ann.
1106 1607 1150 1670 IV
1180 1610 1267 1673 33.1
1297 1614 1330 1672 et

109 1714 211 1780 Laert.
235 1714 333 1796 Diog.
357 1713 418 1778 Vll
445 1715 528 1792 131.)

192 1909 283 1976 Satis
311 1909 376 1974 iarn
405 1908 646 1974 demonstrasse
679 1908 756 1973 mihi
789 1908 901 1974 videor
929 1908 1091 1986 Tacitum,
1122 1909 1249 1975 etiamsi
1273 1910 1330 1974 mi·

107 2017 187 2083 nime
205 2016 351 2084 Stoicum
373 2015 540 2100 appellare
564 2035 635 2080 eum
659 2016 767 2100 liceat,
786 2023 895 2081 tamen
919 2015 1157 2100 philosophiam
1176 2016 1328 2101 Senecae,

109 2145 199 2207 quem
222 2122 362 2190 eundem
387 2143 449 2188 non
473 2121 555 2186 adeo
580 2122 708 2188 Stoicae
733 2129 842 2187 sectae
867 2143 940 2188 sese
963 2123 1162 2208 applicuisse
1182 2123 1331 2208 diximus,

109 2239 224 2296 utnon
249 2231 349 2298 ctiam
373 2229 448 2295 aliis
471 2228 674 2314 philosophis
698 2229 748 2294 ius
772 2229 972 2314 eorroederet,
993 2231 1027 2294 iu
1044 2251 1137 2297 usum
1152 2252 1243 2296 snum
1258 2253 1331 2297 eon-

111 2339 252 2424 vertisse,
277 2344 320 2423 ut,
344 2357 415 2404 eum
439 2337 583 2402 Senecae
607 2336 762 2421 presserit
785 2337 935 2420 vestigia,
960 2359 1024 2403 non
1048 2338 1156 2424 inepte
1184 2339 1332 2406 videatur

110 2445 239 2511 Tacitus
264 2443 424 2529 appellari
449 2464 546 2528 posse
569 2443 781 2528 plrilosoplrus
798 2445 1004 2512 Annaeanus.
1044 2444 1182 2511 Sectae
1205 2453 1331 2512 autem

109 2552 325 2619 Stoicorum
339 2551 495 2617 multum
508 2550 697 2617 tribuisse
714 2551 890 2617 Tacitum
906 2552 982 2619 inde
997 2553 1099 2619 conici
1113 2560 1230 2639 potest,
1244 2553 1332 2638 quod

110 2659 188 2729 Hist.
213 2660 257 2725 IV
283 2662 304 2725 5
328 2658 469 2724 Helvidii
494 2659 606 2737 Prisci,
633 2659 732 2724 Stoici
757 2659 935 2737 cuiusdam,
960 2661 1060 2726 vitam
1088 2669 1120 2727 et
1148 2660 1257 2727 studia
1287 2663 1332 2726 ita

109 2774 242 2852 enarrat,
270 2773 305 2832 ut
328 2788 484 2832 summam
509 2766 557 2831 illi
581 2766 739 2833 concedat
761 2767 901 2832 laudem.
941 2768 1043 2833 Simul
1059 2768 1238 2834 Stoicorum
1258 2768 1332 2833 doe-

108 2874 221 2939 trinam
251 2874 392 2941 breviter
419 2874 467 2938 ita
495 2874 638 2959 exponit,
667 2880 702 2938 ut
732 2874 888 2939 Senecam
917 2882 1048 2941 secutus
1077 2896 1149 2941 esse
1172 2874 1331 2943 videatur.

193 2980 230 3049 Τ.
255 2980 340 3047 Hist.
366 2980 409 3044 lV
432 2982 463 3047 5.
480 2983 514 3049 8:
544 2981 693 3046 doctores
718 2980 900 3067 sapientiae
929 2989 1058 3048 secutus
1093 2990 1143 3047 est
1175 2986 1233 3062 (sc.
1257 2982 1331 3047 llel-

106 3087 211 3154 vidius
240 3088 398 3173 Priscus),
422 3088 476 3171 qui
505 3090 571 3154 solo
599 3090 678 3154 boae
710 3110 788 3172 quoe
818 3091 957 3169 honesto,
993 3092 1075 3154 mule
1108 3097 1225 3153 luctum
1257 3112 1334 3173 qaue

108 3199 217 3279 turpio,
237 3199 409 3280 potentium
431 3197 617 3261 uolrilr'luleur
641 3204 798 3279 ceteraque
821 3205 911 3261 eelrc
934 3200 1069 3260 unt-mura-
1077 3196 1100 3278 ¹)
1123 3218 1219 3280 cupae
1248 3198 1334 3261 dorus

106 3324 200 3387 ueqtte
223 3306 315 3369 mado
338 3304 553 3369 adnumeraret.

194 3410 227 3477 S.
253 3410 312 3495 Ep.
338 3412 390 3477 94.
407 3413 442 3476 8:
468 3430 538 3475 eum
562 3410 710 3475 virtutem
736 3410 863 3475 unicum
891 3413 1003 3477 bearno
1032 3409 1170 3477 hominis
1199 3410 1332 3477 adama·

107 3516 196 3600 verit,
221 3515 452 3601 turpitudinem
474 3520 574 3583 solaco
596 3520 708 3581 crelam
738 3515 864 3601 sugerit,
894 3517 1019 3600 reliqua
1048 3518 1165 3601 omnia,
1193 3517 1333 3602 divitias,

106 3620 253 3707 honores,
278 3624 395 3687 bonam
418 3622 639 3707 valitudinem,
667 3623 763 3701 vires,
797 3624 934 3708 imperia
963 3624 1073 3690 scierit
1096 3645 1170 3690 esse
1193 3624 1333 3691 mediam

105 3737 244 3814 partem,
275 3753 331 3795 aee
358 3733 445 3797 louis
472 3733 735 3795 urla-rurreruradmu
764 3752 820 3797 uec
847 3734 946 3796 orrrlts.
977 3731 1018 3797 de
1040 3730 1145 3797 benef.
1169 3731 1228 3796 VII
1253 3734 1282 3797 2.
1297 3737 1331 3798 2:

106 3835 195 3901 Sciat
216 3860 274 3901 aree
296 3840 409 3902 melum
438 3856 512 3905 esse
543 3837 641 3902 ullum
674 3840 736 3901 aiei
763 3846 850 3920 turpe
872 3860 927 3903 nec
950 3840 1062 3903 bortrus
1083 3842 1145 3903 aiei
1167 3841 1332 3905 onustam.

105 3943 163 4027 Ep.
190 3946 243 4011 ll.
259 3946 297 4008 4:
322 3964 478 4009 summum
502 3946 613 4009 bootem
637 3949 695 4026 est,
719 3946 799 4027 quod
821 3947 978 4009 honestum
997 3952 1055 4011 est.
1079 3952 1111 4011 et
1125 3944 1212 4029 quod
1227 3948 1332 4029 uragis

106 4048 291 4117 admireris:
323 4072 420 4116 cautu
452 4052 562 4115 bouum
595 4058 652 4131 est,
685 4053 765 4134 (prod
791 4054 949 4117 honestum
978 4061 1036 4117 est:
1069 4062 1169 4118 cetera
1192 4051 1277 4119 salsa
1300 4061 1332 4118 et

106 4157 290 4233 adulterina
312 4158 399 4223 bona
422 4164 504 4223 sunt.
541 4158 599 4241 Ep.
625 4159 674 4225 71.
689 4162 724 4224 ὃς
759 4158 829 4223 Hoc
853 4158 989 4241 liqueat,
1018 4159 1096 4223 nihil
1125 4180 1198 4225 esse
1221 4162 1331 4225 bortrus

105 4264 166 4329 nisi
190 4267 364 4346 icamiam,-
396 4265 456 4348 Ep.
488 4267 540 4331 71.
567 4267 594 4347 7,
622 4267 677 4343 193
713 4266 764 4329 74.
797 4268 823 4348 1,
855 4268 909 4339 10;
941 4269 992 4333 76.
1016 4268 1045 4351 6,
1070 4269 1099 4345 Ἰ,
1124 4270 1176 4350 23,
1200 4269 1251 4349 24,
1274 4270 1332 4347 263

106 4371 158 4438 85.
178 4374 229 4451 Π,
248 4374 303 4454 183
328 4373 381 4439 90.
397 4374 459 4450 35;
488 4373 559 4437 120.
574 4373 604 4438 3.
630 4408 672 4417 -
697 4372 755 4456 Ilp.
780 4374 832 4439 66.
848 4375 906 4437 35:
930 4373 1013 4437 ratio
1037 4393 1115 4455 ergo
1138 4373 1260 4438 arbitra
1283 4381 1333 4439 est

106 4494 319 4506 ψ

199 4546 223 4616 1)
242 4548 282 4603 Ειι
301 4548 435 4617 exemplis
454 4566 528 4603 ame
543 4548 689 4619 propositis
702 4548 791 4603 elucet
805 4550 876 4602 salso
890 4550 929 4603 sie
943 4550 1078 4618 explicare
1093 4550 1228 4604 Heraeum
1243 4550 1332 4605 Taciti

105 4636 201 4691 verba:
222 4652 277 4692 was
295 4639 371 4691 const
389 4636 459 4691 noch
478 4636 541 4691 dem
556 4637 670 4692 inneren
684 4637 871 4693 Geistesleben
884 4639 963 4694 nieht
982 4640 1132 4709 angehdrt;
1152 4640 1237 4694 immo
1255 4646 1334 4695 extra

106 4725 233 4781 animum
250 4725 324 4783 idom
341 4726 418 4783 valet
436 4744 469 4782 ae
486 4731 596 4797 praeter
613 4727 745 4782 animum.

1118 4817 1153 4879 2‘
