3459 5200
665 360 845 457 ..-L

181 584 185 593 ·
213 568 263 632 Ex
286 568 481 650 epistulis
505 568 552 632 ad
576 566 806 633 familiares
831 586 915 649 quae
938 566 1108 631 dicantur:

117 704 158 767 III
181 705 248 783 al:
267 724 327 787 pro
348 709 459 770 nostro
480 724 547 769 aon
568 702 728 785 instituta,
765 704 806 769 III
828 704 918 783 tal:
936 701 1050 785 plenae
1070 705 1164 781 otqrre
1184 698 1376 764 inveteratae

159 814 213 879 sad
235 815 299 880 iam
321 814 497 881 inveterata
518 814 669 881 amicitia.
807 813 895 879 inter
917 833 975 879 nos
1001 811 1159 878 amicitiae
1185 810 1271 877 nillil
1291 810 1375 876 adici

803 947 895 1011 posse
915 923 1118 990 credideram.

119 1042 145 1103 V
172 1041 257 1119 Ias:
280 1038 421 1105 honines
445 1059 504 1105 aas
525 1044 563 1105 nt
583 1061 647 1105 esse
668 1060 729 1105 me-
766 1041 921 1119 1X10‚1:
963 1037 1115 1121 footraaae
1148 1034 1205 1101 telo
1234 1036 1376 1120 praviter

160 1150 350 1217 minorimns
385 1172 421 1217 ea
453 1150 516 1235 lepe
536 1157 655 1233 natos,
693 1156 731 1216 at
806 1150 970 1217 sannotas
990 1169 1081 1215 nanc
1097 1148 1242 1233 primam
1256 1147 1373 1231 epista-

162 1261 306 1327 omailns
328 1262 396 1327 telis
409 1261 559 1344 fortunae
568 1262 730 1346 proposita
808 1264 855 1328 lae
876 1266 995 1328 nmesta
1014 1260 1107 1326 verba
1128 1259 1291 1326 committo.
1331 1261 1375 1325 IX

159 1372 202 1437 sit
222 1372 289 1439 ota
309 1378 428 1439 nostra.
473 1375 521 1441 Cf.
545 1375 605 1441 Ov.
629 1396 669 1441 ex
692 1376 727 1440 P.
810 1378 886 1441 123:
920 1374 974 1439 ald
1005 1372 1061 1439 illa
1082 1372 1268 1457 pnrdeatio,
1296 1393 1376 1454 qliae

160 1485 297 1564 117‚15:
331 1485 376 1549 sic
404 1506 457 1569 spo
484 1484 634 1567 fortianae
662 1484 730 1551 telis
808 1489 886 1551 teet
905 1489 1044 1552 nataliae
1057 1484 1135 1551 bono
1149 1484 1223 1569 <et>
1236 1488 1376 1549 vennam

161 1596 306 1677 confidas
327 1596 458 1679 irliqais.
641 1634 644 1641 ·
807 1598 936 1665 lectione
963 1603 1073 1663 contra
1098 1596 1206 1662 omnia
1225 1596 1377 1680 fortunae

809 1710 868 1776 tela
888 1708 1052 1791 firmiani?

117 1823 172 1888 VII
197 1824 261 1900 ld:
284 1820 411 1887 deliciae
432 1826 601 1902 serotine,
624 1826 730 1887 aester
765 1825 795 1889 X
817 1826 883 1902 21:
917 1842 986 1887 non
1011 1821 1095 1886 mem
1121 1819 1285 1887 honoria
1301 1842 1376 1905 pro·

160 1932 309 2017 Aesopns,
343 1933 495 1999 cirismodi
522 1932 598 2017 faa,
632 1939 670 1999 nl
702 1933 731 1999 ei
808 1933 1005 2002 nuntiandis
1024 1932 1142 2016 fabalis
1162 1932 1300 1998 Pollioni
1320 1932 1378 2015 pai

160 2045 301 2111 desinere
317 2067 379 2130 per
400 2066 506 2111 manes
527 2044 669 2111 marines
691 2045 728 2110 li·
808 2045 953 2113 Ambiori>
973 2045 1040 2129 fait
1059 2066 1160 2128 aeqrre
1176 2066 1241 2129 par
1260 2044 1378 2129 Aesopo

160 2162 249 2223 aeret.
286 2157 315 2223 is
343 2158 455 2224 iararc
482 2179 554 2223 acm
576 2156 729 2241 coepisset,
808 2163 838 2224 et
866 2158 979 2224 Roscio
1010 2158 1099 2241 fonsa
1120 2157 1281 2244 prosecat.
1327 2159 1377 2224 cf.

160 2289 221 2334 coa
243 2290 315 2335 eam
337 2268 449 2353 defecit
469 2268 508 2335 in
529 2269 581 2336 illo
602 2269 680 2338 loco:
702 2270 732 2335 si
808 2293 840 2355 p.
864 2274 916 2337 27.
1357 2256 1360 2263 ¹

161 2379 263 2447 sciens
283 2380 367 2463 fallo.

119 2494 159 2559 IX
175 2495 228 2559 ta:
251 2494 479 2559 manascrdnm
496 2544 503 2561 .
521 2544 528 2560 .
545 2545 552 2560 .
568 2492 730 2575 levidense,
767 2499 778 2561 I
804 2498 867 2575 13:
891 2516 990 2577 priore
1011 2493 1198 2559 elaboratam
1219 2490 1310 2556 soloci
1324 2490 1377 2571 filo

160 2627 263 2672 crasso
273 2606 325 2688 filo
341 2608 544 2692 (orationem
556 2629 618 2690 pro
631 2610 731 2674 Deio·
807 2609 912 2692 accipre
933 2607 1133 2673 cantilenam.

161 2721 260 2804 tara).
298 2721 377 2785 Hor.
395 2740 444 2802 ep.
464 2720 492 2785 Π
510 2717 617 2799 1325:
641 2718 732 2784 tenni

161 2830 294 2896 dodran
309 2835 454 2914 mennae
474 2828 536 2910 filio.

118 2944 160 3008 IX
179 2944 265 3022 18‚3:
281 2941 339 3008 etsi
353 2963 409 3006 stas
424 2941 614 3006 llinervam.
627 2943 730 3006 Acad.
767 2943 779 3006 I
796 2943 864 3020 ἐἶβε
879 2939 954 3004 aovi
968 2961 1031 3023 epo,
1047 2938 1124 3020 qaid
1138 2937 1378 3022 valeatadapio:

159 3057 243 3120 118:
266 3073 344 3119 nam
366 3053 424 3118 etsi
446 3073 514 3119 aaa
534 3073 590 3118 sas
607 3052 730 3118 Miner-
808 3074 864 3118 sas
877 3051 1069 3117 Minervam.
1092 3052 1377 3134 CI.0ltoSprich·

162 3187 243 3248 vam
267 3171 303 3232 at
324 3165 422 3231 circat
444 3217 451 3232 .
477 3217 484 3232 .
508 3217 516 3233 .
808 3170 932 3232 worter
954 3166 1028 3232 dil.

120 3279 163 3344 IX
185 3280 273 3358 dal:
313 3277 460 3362 privatas
488 3298 599 3342 sarisas
628 3282 658 3341 et
679 3298 731 3343 eas
767 3281 792 3344 II
815 3280 904 3358 342:
948 3297 1026 3342 nom
1057 3275 1233 3341 recordaris
1265 3274 1321 3340 hoc
1349 3279 1378 3338 to

167 3395 275 3456 tancies
296 3390 420 3474 apimrcs
433 3389 598 3468 subtilius·
619 3387 732 3471 capitis
803 3387 1005 3474 praefamine
1037 3387 1202 3471 cpistrdam
1230 3385 1375 3451 lancisae.

162 3508 220 3568 arat
231 3502 337 3586 fornae
352 3501 467 3567 scilieet
483 3501 647 3579 annotina·
668 3501 730 3584 epi-

164 3613 264 3680 stulas
296 3635 368 3679 ocra
401 3611 597 3696 quotidianis
632 3611 733 3678 verbis

163 3733 267 3792 tenere
287 3725 427 3792 manias.
435 3727 460 3811 ¹)

120 3843 189 3906 XIII
229 3841 316 3919 10‚o:
361 3859 424 3920 aaa
466 3837 731 3904 commendatione
768 3837 835 3903 VIII
858 3839 893 3903 9:
931 3856 1029 3918 artare
1060 3835 1293 3918 familiaritatis
1320 3857 1377 3901 no·

162 3951 255 4034 qnasi
265 3949 423 4016 anicitiae
436 3947 729 4032 foresaperiantar.
807 3954 892 4014 strae
913 3949 1038 4014 aditam
1059 3969 1189 4013 secians
1202 3949 1376 4032 inpredere.

808 4063 985 4146 capos.

207 4263 256 4328 Ex
279 4261 480 4345 epistulis
504 4261 554 4326 ad
576 4261 772 4325 Atticum:

124 4403 135 4467 I
155 4403 239 4478 Iao:
263 4398 338 4464 haic
361 4403 463 4464 terrae
482 4396 548 4479 filio
562 4395 665 4462 nescio
679 4396 730 4460 oai
768 4399 864 4475 13‚3:
888 4417 922 4462 eo
938 4401 1105 4480 postquam
1126 4419 1237 4462 nimor
1250 4397 1377 4462 odlatccs

164 4519 352 4584 committere
379 4519 545 4603 epistulam
572 4517 672 4583 tantis
693 4519 730 4583 dc
809 4523 854 4582 est
878 4523 980 4583 terrae
999 4517 1081 4598 filios
1102 4515 1278 4583 convenire.

212 4727 232 4796 ¹)
253 4728 295 4781 Ad
314 4727 480 4782 sententiam
499 4728 533 4781 al.
553 4727 653 4796 Symm.
672 4727 720 4780 VH
738 4727 764 4780 9.
