3459 5200
835 358 839 366 ’
872 371 1110 469 Α·

349 597 505 644 revocare
528 577 670 644 Gracchi
691 578 794 644 verba
816 578 905 662 apud
927 578 1009 644 Gall.
1032 578 1187 657 liveat,
1210 578 1246 643 id
1268 578 1310 645 de
1332 579 1518 645 imitatione
1541 598 1596 644 ac·

350 690 415 773 cipi
438 691 581 756 tortasse
604 691 711 757 noluit
732 710 804 769 nec,
829 689 856 755 si
879 690 988 767 vellet,
1011 690 1198 757 audiendus
1222 695 1322 757 esset.
1367 691 1461 771 Quae
1483 694 1597 757 autem

350 802 391 867 de
422 802 552 868 vitiosis
582 801 733 870 Sallustii
766 801 916 867 moribus
950 806 1065 869 narrat
1098 802 1132 869 S.
1155 804 1183 867 V
1204 803 1278 883 683
1312 802 1368 885 (cf.
1396 825 1428 886 p.
1459 804 1523 886 76),
1556 823 1597 868 ex

350 914 430 980 Gell.
454 914 538 979 XVII
562 915 601 980 18
624 914 768 979 fortasse
791 911 974 978 detinenda
997 918 1084 981 sunt.
1128 915 1331 981 Locutiones
1354 935 1373 979 e
1395 915 1502 980 Gellio
1523 934 1596 980 mu·

349 1030 461 1093 tuatus
490 1046 565 1092 esse
592 1029 706 1110 potest
733 1026 767 1092 S.
791 1025 869 1090 has:
893 1042 1020 1107 percwx
1040 1029 1071 1090 et
1086 1025 1221 1110 perch'm
1241 1028 1255 1092 l
1276 1028 1366 1107 53‚1:
1392 1027 1597 1104 Gallula

348 1137 446 1221 Apul.
468 1142 545 1204 met.
566 1139 594 1202 V
609 1141 629 1203 6
650 1139 759 1203 Amm.
785 1135 890 1203 XXXI
904 1138 957 1216 hh
978 1138 1074 1204 Hert.
1090 1139 1170 1223 Cap.
1194 1139 1308 1223 (Hertz
1323 1138 1436 1205 Herm.
1451 1139 1519 1203 VIII
1534 1139 1599 1203 284

350 1253 384 1315 et
405 1250 482 1316 adn.
506 1252 548 1333 7).
579 1286 622 1297 -
654 1247 862 1315 detentmentc
893 1247 1025 1314 cccritcn
1057 1250 1098 1315 III
1121 1253 1207 1330 uu:
1242 1252 1324 1318 Geli.
1354 1252 1382 1315 V
1407 1252 1456 1330 1‚o
1487 1250 1597 1315 Amm.

351 1362 450 1431 XVIII
471 1364 523 1442 5‚7
545 1362 659 1445 (Hertz
682 1363 703 1427 l.
727 1380 754 1427 c.
778 1362 841 1427 288
864 1361 940 1428 adu.
966 1363 1029 1445 18).

784 1594 895 1662 XXVI.
940 1594 1159 1660 Ausonius.

435 1732 524 1799 Nihil
547 1734 690 1800 tortasse
706 1733 749 1798 ad
766 1733 958 1817 Symmachi
973 1734 1145 1815 ingenium
1160 1703 1404 1801 aestimandum
1419 1736 1494 1818 plus
1509 1736 1600 1802 valet

350 1865 449 1929 quam
472 1846 562 1929 quod
584 1866 625 1911 ex
647 1845 791 1928 epistula
813 1845 856 1910 ad
880 1866 917 1911 se
939 1845 1018 1911 data
1032 1846 1158 1929 aliquid
1174 1865 1271 1912 suum
1285 1846 1375 1913 fecIt.
1409 1846 1600 1931 Sumpserat

349 1958 518 2023 Ausonius
540 1958 554 2022 I
576 1958 665 2036 31‚1:
698 1954 786 2021 modo
807 1954 959 2043 intellego,
987 1974 1083 2039 getam
1104 1955 1211 2023 melleo
1231 1978 1282 2023 res
1302 1956 1346 2023 eit
1366 1957 1476 2038 oratic,
1503 1977 1600 2041 ccccm

348 2065 509 2148 delenifica
529 2072 676 2149 atquem
695 2066 798 2134 modo
817 2066 984 2151 factmdic.
1010 2105 1052 2117 -
1080 2070 1300 2154 Symmachus
1323 2071 1450 2138 lullauo
1481 2071 1600 2136 scribit

349 2180 391 2248 Ill
412 2183 480 2259 6‚1:
502 2178 556 2244 sed
575 2178 726 2262 fortunae
748 2184 874 2246 coatrae
896 2184 1023 2247 tumtum
1039 2180 1159 2246 mchtuc
1178 2186 1233 2262 est,
1254 2185 1293 2247 ct
1306 2181 1336 2247 ci
1348 2202 1392 2248 ne
1405 2184 1462 2248 tuo
1475 2181 1602 2264 micea

350 2289 511 2373 delenifica
531 2294 561 2355 et
582 2290 684 2357 nudo
703 2289 858 2374 facundia
880 2289 1056 2359 cicatricem
1071 2292 1174 2378 posset
1193 2292 1348 2360 abdam
1385 2295 1489 2361 Recte
1511 2294 1600 2361 indi·

353 2404 439 2470 cavit
453 2404 613 2471 Seeckius
626 2404 862 2489 Symmachum
878 2405 921 2470 ah
933 2406 1085 2473 Ausonio
1099 2407 1248 2491 pendere
1262 2407 1380 2491 (praet.
1392 2407 1536 2473 LXXXII
1548 2428 1599 2491 sq.

355 2521 388 2582 et
410 2518 487 2584 adu.
511 2518 602 2601 383);
630 2536 709 2582 nam
732 2516 787 2581 ille
806 2512 1010 2584 ‘Gallicanae
1032 2518 1209 2587 tacundIae
1231 2521 1371 2587 haustus
1395 2512 1599 2605 requirebat’

354 2635 386 2698 et
408 2632 444 2696 in
466 2630 586 2697 litteris
607 2631 758 2697 Ausonio
781 2632 893 2696 minor
915 2634 996 2697 erat.

438 2943 481 3009 Ut
494 2944 610 3027 paucis
627 2945 868 3028 comprendam
883 2945 962 3029 quid
985 2946 1026 3012 de
1042 2945 1233 3030 Symmachi
1249 2944 1369 3010 studiis
1385 2945 1602 3011 iudicandum

355 3057 408 3136 sit,
426 3077 496 3123 nou
510 3057 623 3123 minus
639 3077 739 3142 quam
756 3059 791 3123 iu
807 3058 928 3124 ceteris
944 3058 1044 3125 rebus
1059 3057 1096 3124 iu
1111 3060 1175 3125 hac
1189 3077 1321 3143 quoque
1336 3057 1602 3123 mediocrItatem

355 3169 524 3255 quandam
547 3170 703 3236 declarat.
749 3171 894 3237 Graecos
918 3173 1100 3254 scriptores
1129 3172 1159 3238 si
1180 3172 1267 3237 ullos
1288 3190 1476 3254 perpaucos
1499 3170 1601 3248 novit,

355 3283 523 3349 eLatInis
547 3284 712 3364 imprimis
741 3285 879 3367 eosqui
908 3284 944 3348 in
973 3283 1098 3349 scholis
1128 3284 1373 3349 tractabantur:
1408 3282 1603 3348 Terentium

356 3395 537 3478 Vergilium
562 3395 758 3461 Sallustium
781 3396 994 3476 Ciceronem,
1028 3397 1140 3462 minus
1162 3395 1339 3461 Horatium
1367 3400 1401 3462 et
1422 3397 1602 3462 Lucanum.

355 3507 525 3574 Historiae
548 3507 703 3573 notitiam
717 3508 913 3591 plerumque
929 3529 947 3574 e
962 3508 1095 3574 Valerio
1108 3509 1263 3587 Maximo,
1287 3509 1395 3574 rarius
1410 3528 1429 3574 e
1443 3507 1604 3575 Cicerone

355 3621 448 3686 Livio
477 3619 587 3686 Plinio
615 3621 742 3687 maiore
770 3621 892 3686 hausit.
949 3619 998 3686 Ex
1027 3621 1148 3687 ceteris
1176 3621 1285 3704 poetis
1313 3620 1423 3704 attigit
1450 3619 1606 3686 Ovidium

361 3733 480 3799 Silium
502 3734 701 3812 iuvenalem,
730 3753 748 3798 e
770 3733 935 3816 prosaicis
958 3732 1104 3799 Plinium
1125 3733 1302 3814 miuorem‚
1324 3733 1478 3799 Tacitum
1499 3732 1606 3796 Fron·

357 3852 473 3911 tonem
506 3851 605 3930 atque
641 3849 679 3911 ut
710 3845 841 3913 videtur
874 3846 1025 3913 Gellium.
1068 3846 1287 3929 Reliquorum
1319 3844 1462 3911 imitatio
1494 3843 1606 3910 miuus

361 3963 452 4024 certa
481 3962 542 4024 est.
590 3958 705 4042 Neque
734 3962 847 4024 tamen
875 3959 989 4025 omnia
1015 3980 1036 4026 a
1061 3979 1115 4024 me
1142 3959 1304 4025 exhausta
1333 3977 1409 4024 esse
1442 3957 1607 4040 spondeo;

359 4072 537 4155 praecipue
569 4070 802 4154 prosaicorum
836 4070 1037 4155 scriptorum
1070 4069 1248 4154 largiorem
1281 4070 1474 4154 investigari
1505 4089 1607 4153 posse

359 4188 439 4267 puto
464 4183 695 4262 imitationem,
730 4183 889 4267 quoniam
911 4183 989 4251 huic
1011 4184 1109 4268 parti,
1143 4204 1243 4267 quarn
1271 4184 1313 4250 ab
1342 4183 1449 4250 altero
1470 4182 1608 4250 tractari

361 4297 493 4375 scirem,
516 4295 627 4361 minus
652 4295 797 4360 incubui.

773 4623 1199 4663 w——-·⁴·O·>-—--
