3459 5200
589 601 790 698 ,L

118 808 334 888 iudicandum,
364 829 439 874 cum
462 829 549 874 nova
572 810 712 893 stropha
735 829 843 893 neque
866 810 908 875 ab
931 809 1162 875 antecedentis
1185 813 1272 874 stro·

116 913 195 994 phae
242 915 349 979 torma
395 914 527 979 diversa
571 917 737 996 sequatur.
802 915 889 978 Tum
929 913 1028 996 igitur
1064 915 1273 996 paragrapho

116 1016 242 1081 additur
273 1013 294 1100 ἡ
330 1015 423 1100 διπλῆ
455 1009 477 1101 ἡ
512 1017 574 1080 ἔσω
612 1023 781 1082 νενευκυῖα.
837 1017 905 1082 Sed
936 1017 1021 1081 haec
1058 1018 1171 1083 omnia
1203 1037 1273 1082 non

115 1121 230 1199 valent,
260 1120 324 1185 nisi
354 1120 395 1184 de
425 1120 573 1202 strophis
602 1121 738 1203 paribus
768 1138 842 1184 sese
866 1120 1119 1202 excipientibus,
1163 1121 1200 1186 si
1223 1121 1274 1185 In-

115 1223 281 1306 sequentis
305 1225 464 1306 strophae
487 1224 661 1307 rhythmus
685 1243 705 1288 a
726 1223 838 1305 priore
861 1223 998 1302 recedit,
1021 1225 1114 1289 locus
1136 1244 1206 1290 non
1222 1227 1274 1289 est

113 1328 318 1411 paragrapho
342 1327 430 1394 inter
453 1329 542 1392 solas
567 1328 724 1410 strophas
746 1346 845 1409 pares
869 1330 1058 1409 usurpatae,
1083 1327 1143 1394 sed
1164 1326 1274 1410 diplae

113 1429 167 1507 ἔξω
181 1429 351 1516 νενευκυίᾳ.
378 1431 525 1496 Proinde
539 1431 606 1495 illic
621 1434 733 1495 utrum
750 1431 890 1512 stropha
905 1431 1087 1496 amocbaea
1108 1431 1152 1496 sit
1168 1449 1274 1496 necne

112 1533 193 1598 nihil
215 1535 367 1599 interest.

191 1637 284 1702 Haec
317 1637 475 1703 distincte
510 1643 543 1704 et
575 1637 662 1702 hene
689 1637 843 1720 exposuit
876 1637 1092 1720 Hephaestio.
1143 1638 1274 1703 Tamen

110 1740 231 1805 mirum
269 1745 428 1823 quantum
468 1741 504 1805 in
543 1741 591 1805 eis
625 1741 888 1823 interpretandis
921 1741 1072 1824 peccavit
1106 1740 1274 1820 Osaunus,

110 1842 201 1908 cuius
237 1849 348 1910 errata
381 1845 574 1926 singillatim
603 1845 748 1911 refutare
782 1864 903 1927 operae
936 1847 1082 1928 pretium
1114 1864 1184 1910 nou
1212 1849 1274 1910 est.

109 1947 223 2030 Neque
246 1948 449 2013 Thiemanni
473 1949 644 2014 schemata
666 1969 697 2031 p.
724 1949 785 2014 130
806 1951 982 2032 proposita
1004 1951 1046 2015 ab
1070 1949 1162 2015 omni
1176 1953 1273 2032 parte

112 2069 186 2116 esse
211 2051 366 2118 absoluta
389 2056 445 2118 aut
467 2055 559 2118 recta
581 2071 621 2116 ex
645 2053 693 2117 eis
720 2071 805 2135 quae
830 2053 900 2118 dixi
922 2053 1019 2118 facile
1051 2053 1274 2134 cognoscitur.

110 2153 328 2219 Desideratur
350 2154 439 2238 apud
461 2155 745 2238 Hephaestionem
768 2159 850 2220 nota
873 2177 938 2238 qua
959 2157 994 2220 in
1016 2157 1139 2221 tabulis
1160 2161 1273 2239 partes

109 2258 280 2322 continuis
314 2258 466 2324 versibus
500 2259 655 2324 conditae
684 2279 703 2323 a
731 2258 848 2324 metris
876 2258 989 2342 lyricis
1017 2259 1274 2342 distinguantur.

104 2359 140 2422 In
170 2361 346 2426 Heliodori
377 2361 573 2426 colometria
606 2362 855 2444 Aristophanca
883 2360 1082 2448 ἓτερομετρία
1110 2362 1277 2428 indIcatur

106 2468 187 2528 nota
217 2462 320 2547 διπλῆ.
365 2464 447 2528 Utra
476 2464 585 2547 diplae
614 2465 723 2530 torma
751 2465 865 2544 IuerIt,
896 2467 931 2530 in
960 2466 1099 2531 scholiis
1128 2484 1197 2530 non
1226 2465 1276 2530 di·

104 2571 196 2633 serte
221 2567 409 2647 adnotatur,
434 2569 494 2634 sed
517 2569 748 2635 Thienrannus
771 2574 805 2634 ct
826 2569 972 2635 Hensius
1002 2570 1047 2654 (p.
1076 2570 1130 2654 64)
1160 2569 1275 2635 nescio

109 2692 213 2753 quam
237 2673 280 2736 ob
304 2691 375 2736 rem
397 2672 439 2737 de
462 2692 501 2737 ea
524 2692 609 2756 quae
630 2673 693 2737 ἔσω
712 2682 872 2737 νενευκυῖα
893 2674 1015 2737 dicitur
1040 2674 1277 2756 rugilaverunt.

101 2774 187 2839 Mihi
219 2779 336 2839 contra
365 2776 437 2840 sola
465 2776 554 2859 diple
583 2774 641 2854 ἔξω
668 2784 828 2840 νενευκυῖα
856 2776 935 2841 huic
962 2777 1038 2842 usui
1061 2777 1276 2843 inservivisse

100 2877 248 2943 videtur.
300 2878 348 2942 Ea
376 2878 466 2943 enim
492 2878 528 2943 in
555 2878 727 2944 Alcmanis
742 2867 744 2871 ’
757 2882 907 2945 carmine
941 2900 982 2944 ex
1010 2880 1276 2964 quattuordecim

102 2981 258 3064 strophis
283 2984 460 3047 constante
483 2980 681 3067 ἒτερομετρία
704 2986 820 3047 notata
836 2988 917 3061 crat,
941 2983 1051 3048 eidem
1066 2984 1177 3048 locum
1198 3002 1274 3048 esse

100 3086 195 3150 inter
227 3084 378 3167 dispares
404 3086 562 3168 strophas
591 3105 666 3149 sese
694 3085 900 3168 excipientes
921 3086 1128 3168 Hephaestio
1151 3085 1274 3166 docuit,

98 3188 250 3252 eandem
273 3187 416 3270 denique
440 3192 472 3253 et
494 3188 581 3271 apud
605 3189 751 3270 tragicos
775 3192 812 3279 et¹
830 3189 919 3271 apud
942 3190 1090 3254 comicos
1120 3191 1276 3273 trequen-

98 3296 171 3356 tem
209 3290 315 3357 tuisse
347 3292 436 3357 idern
464 3291 669 3374 Hephaestio
699 3297 815 3358 auctor
845 3297 905 3358 est.
955 3292 1052 3371 Quod
1080 3294 1163 3358 haec
1186 3294 1275 3359 illius

95 3399 207 3460 notae
230 3394 280 3460 vis
304 3396 346 3460 ab
368 3395 620 3477 Hephaestione
644 3415 712 3461 non
736 3396 860 3462 diserte
891 3401 1181 3475 commemoratur,
1211 3396 1275 3462 soli

94 3498 265 3581 scriptori
287 3497 368 3563 vitio
392 3498 587 3564 vertendum
611 3503 672 3581 est,
701 3519 809 3582 neque
832 3500 919 3578 licet,
949 3501 1100 3583 quamvis
1128 3500 1275 3583 proclive
1378 3492 1381 3496 ’

94 3604 160 3681 sit,
212 3606 248 3667 ut
293 3600 349 3667 illa
391 3602 568 3667 inducatur
604 3602 784 3686 quidquam
823 3604 857 3667 in
894 3609 988 3670 textu
1021 3608 1150 3668 mutare
1186 3604 1276 3669 velut

90 3730 125 3789 p.
155 3704 268 3771 XXXI
297 3705 317 3767 3
350 3724 466 3769 vocem
500 3705 642 3789 στροφῶν
676 3706 788 3770 delere
823 3708 875 3771 vel
909 3728 971 3789 pro
1002 3727 1042 3772 ea
1072 3706 1274 3771 substituere

91 3805 236 3895 μέτρων.

188 3910 278 3988 Quia
304 3930 335 3993 p.
359 3910 504 3975 XXXII
534 3906 613 3975 tarci
640 3911 795 3977 dicuntur
827 3909 1037 3996 παραβάσεως
1060 3912 1150 3999 μέρη,
1179 3913 1275 3979 Gais-

90 4014 235 4081 Iordius
259 4013 359 4079 etiam
386 4033 418 4096 p.
440 4014 559 4078 XXVII
585 4014 622 4078 16
649 4018 682 4079 ct
703 4014 831 4079 XXVIII
852 4015 874 4079 I
897 4015 1099 4081 deteriorum
1123 4016 1275 4082 codicum

86 4116 339 4186 auctoritatem
370 4120 503 4182 secutus
539 4136 605 4182 nou
641 4117 720 4200 εἴδη,
751 4118 811 4182 sed
839 4117 919 4202 μέρη
950 4120 1164 4185 scribendum
1199 4139 1274 4184 esse

87 4220 279 4303 censuit.¹)
328 4220 397 4285 Sed
419 4219 483 4284 hoc
510 4240 585 4286 curn
615 4220 752 4298 taceret,
785 4224 822 4286 ut
856 4222 920 4286 sibi
954 4226 1139 4300 constaret,
1173 4222 1274 4288 etiam

83 4352 121 4413 p.
140 4323 284 4393 XXVIII
302 4324 323 4388 8
346 4343 415 4388 non
437 4324 480 4410 τῷ
502 4323 584 4409 γένει
607 4326 754 4391 scrihere
777 4324 902 4405 debuit,
926 4326 986 4390 sed
1007 4331 1050 4410 τῷ
1065 4322 1140 4409 ὅλῳ.
1173 4324 1275 4390 Prae-

85 4438 197 4499 terea
226 4446 366 4510 prorsus
396 4426 463 4493 alia
496 4432 547 4493 est
575 4427 728 4493 condicio
751 4427 904 4493 locorum
931 4449 963 4510 p.
986 4427 1101 4492 XXVII
1131 4428 1168 4492 16
1192 4448 1274 4511 sqq,

83 4585 308 4601 ff

193 4650 216 4721 ¹)
236 4650 351 4705 Secutus
370 4655 414 4705 est
431 4650 509 4705 illum
527 4650 556 4705 in
575 4650 696 4706 editione
714 4668 765 4705 sua
783 4650 980 4720 Westphalius.
