3459 5200
115 807 213 868 casse,
237 809 311 854 cum
335 790 355 854 l.
380 809 406 856 c.
430 810 461 872 p.
488 788 683 853 lon-iudicii
706 786 757 852 sui
781 803 946 851 summam
968 784 1022 848 his
1044 783 1155 849 verbis
1179 802 1269 850 com-

113 893 306 972 plecteretur
334 894 433 972 „Dies
456 892 516 974 (ετ.
540 891 680 976 copula)
708 891 753 956 ist
775 910 844 955 nun
867 888 948 954 aber
976 887 1036 953 das
1060 888 1187 970 einzige
1210 888 1270 953 Se·

112 996 228 1074 melon,
262 995 297 1062 in
332 998 455 1062 dassen
494 996 689 1062 Gabrauche
723 996 776 1059 die
804 993 959 1059 Metriker
987 992 1269 1073 einigermaassen

112 1100 414 1180 tibereinstimmem
448 1100 483 1166 in
517 1101 605 1164 allen
638 1099 780 1180 dbrigen
820 1097 982 1174 Zeichen‚
1016 1096 1088 1160 also
1122 1096 1177 1160 bei
1210 1096 1270 1159 der

112 1198 314 1287 παράγραφος
338 1201 433 1286 ἁπλῆ,
457 1201 562 1286 διπλῆ,
586 1197 641 1265 δυό
657 1199 764 1265 διπλαῖ
787 1201 832 1265 ist
854 1199 908 1264 die
930 1199 1270 1280 Anwendungsweise

114 1305 226 1370 heider
249 1307 315 1372 fast
337 1307 464 1372 uberali
487 1307 563 1370 eine
585 1303 893 1370 ausserordentlich
908 1302 1179 1368 verschiedene.“
1222 1304 1270 1367 Ac

112 1409 253 1490 primum
286 1411 420 1493 quidem
455 1429 531 1474 eum
559 1409 729 1474 coronidis
757 1427 865 1485 usum,
894 1407 950 1490 qui
978 1407 1179 1472 describitur
1205 1407 1270 1470 He·

110 1513 316 1593 phaestianis
345 1513 456 1578 verbis
486 1513 538 1598 (τῇ
566 1511 710 1596 αορωνίδι
737 1507 908 1596 χρώμεθα)
929 1509 999 1593 ἤτοι
1020 1507 1095 1575 ὅταν
1115 1510 1175 1574 τῶν
1197 1506 1270 1573 ὑπο·

108 1616 217 1698 κριτῶν
240 1613 385 1682 εἰπόντων
408 1617 474 1680 τινὰ
503 1618 557 1680 καὶ
579 1613 820 1700 ἀπαλλαγέντων
843 1613 1070 1698 καταλείπηται
1091 1611 1108 1676 ὁ
1131 1609 1270 1698 χορόςῆ

108 1718 247 1802 ἔμπαλιν,
278 1721 378 1785 etiam
407 1721 441 1784 in
466 1720 660 1784 colometria
683 1739 757 1782 esse
785 1719 998 1784 observatum
1025 1718 1097 1799 ipse
1122 1716 1270 1782 Hensius

109 1823 286 1888 concessit.
333 1823 459 1888 Contra
488 1841 527 1886 eo
562 1822 651 1905 quod
680 1821 714 1885 in
738 1821 934 1886 colometria
955 1822 1077 1885 desunt
1099 1840 1183 1902 quae
1204 1820 1272 1883 He-

106 1925 316 2006 phaestionis
344 1930 524 2008 praecepto
553 1922 605 2009 (eq
633 1922 778 2008 κορωνίδι
803 1918 973 2008 χρώμεθα)
1002 1920 1075 1987 ὅταν
1103 1919 1271 2008 μετάβασις

106 2024 167 2090 ἀπὸ
201 2026 299 2092 τόπου
332 2028 375 2105 εἰς
406 2025 501 2091 τόπον
528 2026 672 2110 γίνεσθαι
699 2027 781 2110 δοκῇ
808 2027 865 2110 τῆς
892 2024 1011 2110 σκηνῆς
1033 2027 1271 2108 respondeant,

104 2131 245 2196 minime
269 2132 409 2196 efficitur
429 2130 611 2196 Heliodoro
641 2131 729 2196 hunc
751 2151 849 2194 usum
877 2129 981 2194 fuisse
1004 2130 1164 2213 ignotum.
1207 2131 1274 2195 Po-

105 2237 172 2299 test
196 2235 253 2300 hic
276 2234 425 2300 defectus
450 2234 545 2299 facile
568 2233 716 2316 expediri
741 2254 782 2298 ex
804 2233 964 2298 lacunosa
993 2238 1027 2298 et
1047 2234 1193 2299 maxime
1216 2235 1274 2299 de-

106 2341 264 2404 truncata
296 2337 512 2403 colometriae
545 2337 580 2401 in
610 2336 781 2401 codicibus
816 2336 942 2401 nostris
976 2337 1179 2421 memoria,¹)
1213 2339 1274 2404 sed

102 2441 207 2506 etiarn
222 2441 430 2523 probabilius
447 2445 498 2506 est
512 2440 731 2506 Heliodorum
748 2441 789 2504 de
805 2440 971 2505 industria
991 2441 1079 2505 hanc
1101 2443 1272 2509 coronidis

101 2545 282 2611 notionem
305 2565 374 2637 non
398 2563 692 2625 commemorasse,
724 2564 798 2609 cum
829 2544 919 2610 solas
943 2545 1091 2611 rationes
1114 2545 1272 2611 metricas

100 2651 299 2733 respiceret.
333 2650 447 2733 Neque
466 2650 555 2715 enim
573 2648 858 2731 Hephaestionem
877 2649 1022 2731 primurn
1037 2649 1177 2714 iussisse
1193 2654 1275 2717 nota

97 2754 216 2837 aliqua
239 2754 390 2833 indicari,
412 2755 470 2819 ubi
493 2754 624 2817 fabulae
648 2752 746 2817 sedes
769 2752 891 2817 mutari
913 2752 1090 2831 videretur,
1114 2754 1192 2819 inde
1214 2774 1273 2836 ap·

96 2863 210 2939 paret,
235 2858 325 2941 quod
348 2858 382 2921 in
406 2857 612 2923 Suetoniana
634 2856 691 2921 illa
714 2857 755 2921 de
777 2855 879 2920 Probi
903 2855 993 2920 notis
1016 2856 1274 2942 disputatione2)

96 2961 285 3027 edocemur
308 2961 421 3043 diplen
442 2979 586 3044 superne
607 2960 775 3025 obelatam
795 2959 941 3041 positam
965 2979 1040 3024 esse
1069 2961 1134 3038 „ad
1157 2961 1273 3025 condi·

98 3066 240 3131 cionem
270 3065 418 3129 locorum
444 3065 495 3127 vel
519 3067 708 3145 temporum
730 3063 783 3127 vel
804 3082 1026 3144 personarum
1048 3063 1273 3146 mutatam.“³)

96 3170 226 3235 Eidem
249 3168 323 3233 usui
347 3167 509 3233 inservire
532 3166 686 3232 videntur
708 3163 764 3229 δύο
787 3165 896 3231 διπλαῖ
914 3166 949 3229 in
973 3166 1078 3231 schol.
1100 3168 1273 3250 Aristoph.

97 3273 162 3356 Eq.
191 3274 251 3337 721
285 3272 364 3353 (om.
392 3272 431 3337 R.
455 3273 491 3337 V.
516 3268 582 3354 Θ.);
612 3270 651 3335 cf.
681 3270 793 3336 Herm.
823 3270 993 3336 Schrader
1020 3271 1069 3335 De
1097 3272 1272 3337 notatione

95 3376 225 3441 critica
252 3396 272 3439 a
300 3374 469 3439 veteribus
492 3372 720 3457 grammaticis
744 3373 778 3435 in
801 3374 909 3454 poetis
933 3373 1098 3439 scaenicis
1121 3374 1273 3441 adhibita

91 3480 228 3554 (Bonn.
254 3478 349 3559 1863)
370 3498 403 3560 p.
426 3476 487 3560 9.⁴)

188 3598 302 3663 Aliam
319 3597 580 3680 discrepantiam
597 3598 683 3662 inter
698 3596 872 3661 Heliodori
887 3600 987 3679 atque
1010 3597 1273 3679 Hephaestionis

87 3707 287 3787 praecepta
309 3702 455 3767 Hensius
479 3702 512 3784 (l.
537 3721 564 3766 c.
587 3722 619 3784 p.
642 3702 678 3766 51
707 3702 770 3783 sq.)
793 3701 826 3764 in
851 3720 891 3765 eo
913 3702 1061 3784 positam
1077 3722 1152 3768 esse
1169 3704 1271 3782 duxit,

89 3808 192 3891 qnod
216 3805 422 3887 Hephaestio
445 3804 490 3887 (p.
513 3804 603 3869 XXX
628 3806 666 3868 13
684 3806 746 3887 sq.)
769 3805 1014 3886 paragraphum
1030 3805 1066 3869 in
1082 3806 1214 3889 dialogo
1230 3808 1274 3871 ad

190 4016 214 4083 ¹)
234 4015 269 4068 cl.
289 4014 368 4068 Conr.
387 4016 492 4068 zacher
510 4012 538 4066 in
556 4012 692 4081 Philolog.
710 4014 742 4067 41
763 4012 850 4083 (lana)
870 4029 896 4080 p.
913 4013 948 4066 45
967 4030 1028 4081 sqq.

186 4102 267 4171 'let
287 4101 410 4155 Suetonii
434 4102 567 4169 reliquiae
592 4100 634 4154 ed.
658 4100 856 4153 Reifferscheid
880 4100 964 4167 (Lips.
989 4100 1066 4169 1860)
1093 4118 1119 4168 p.
1147 4101 1208 4163 llo,
1227 4102 1274 4164 ab

84 4190 256 4247 novissime
279 4194 426 4245 tractatum
448 4189 526 4243 illum
544 4189 701 4243 Parisinum
720 4188 805 4242 edidit
821 4188 854 4241 H.
874 4188 933 4241 Keil
953 4187 997 4241 GL
1017 4188 1274 4256 v11p.533-536.

189 4278 214 4345 ὃ)
234 4277 296 4343 Quo
314 4275 482 4329 Ribbeckius
501 4275 618 4344 (Proleg.
639 4276 695 4329 crit.
716 4277 751 4329 ad
769 4276 798 4328 P.
818 4274 919 4343 Vergil.
937 4274 1004 4328 Mar.
1021 4292 1094 4343 opp..
1107 4275 1181 4343 Lips.
1197 4276 1271 4337 1866,

82 4388 111 4437 p.
137 4365 211 4433 157)
229 4365 300 4417 haec
318 4364 403 4417 rerba
422 4364 558 4417 rettulerit
575 4364 651 4416 haud
669 4363 774 4430 ignoro.

186 4451 213 4519 ⁴)
232 4451 263 4504 In
282 4450 419 4505 veteribus
443 4450 556 4504 scholiis
579 4450 788 4519 Aristophaneis
811 4448 923 4503 fabulae
947 4450 1043 4502 sedem
1066 4448 1164 4502 mutari
1186 4448 1273 4503 videri

79 4540 242 4597 interdum
267 4537 368 4590 diserte
391 4554 547 4601 monaulum
571 4536 632 4589 vide
657 4536 743 4590 schol.
767 4536 809 4605 (V)
834 4535 905 4588 Rau.
923 4536 982 4597 274.
1006 4534 1050 4603 (R)
1068 4535 1135 4589 Aah.
1153 4536 1219 4600 seh
1238 4538 1272 4590 ct.

77 4631 180 4686 etiam
205 4625 294 4678 schol.
314 4626 356 4694 (V)
374 4624 422 4679 Αν.
440 4626 489 4678 301
510 4624 539 4676 τὸ
560 4627 589 4675 δὲ
606 4641 625 4691 χ
642 4622 682 4676 ὅτι
699 4622 801 4692 ἤλλαξε
818 4622 848 4675 τὸ
868 4622 985 4675 τοπικόν.
