3459 5200
972 388 992 451 Ξ

878 477 1081 485 .-.--.-.-ι

371 596 503 662 etiamsi
532 618 572 662 er
601 596 707 679 ipsius
737 596 872 679 scriptis
894 597 980 661 nihil
1002 618 1043 661 ea
1064 596 1106 660 de
1128 615 1164 660 re
1188 596 1458 680 comperiremus.
1503 598 1590 663 Sunt

374 715 487 774 autem
509 710 593 775 haec
617 709 707 774 haud
728 709 775 774 ita
797 709 915 774 multa:
952 708 1082 773 Gallum
1111 708 1275 773 habuerat
1296 710 1379 774 artis
1402 709 1590 774 rhetoricae

369 823 581 905 magistrum,
621 822 766 886 fortasse
800 820 851 885 Ti.
885 820 1084 885 Minervium
1116 820 1394 902 Burdigalensem
1426 820 1483 902 (IX
1515 821 1588 899 883

370 935 476 1001 Seeck
505 954 554 1017 pr.
583 933 703 1018 XLIV),
738 933 909 997 Gallorum
942 932 978 996 in
1011 932 1204 1015 eloquentia
1236 936 1370 997 secutus
1405 936 1457 997 est
1489 932 1589 997 disci-

368 1045 505 1129 plinam,
534 1046 655 1129 quippe
685 1046 740 1129 qui
769 1050 840 1109 tum
870 1046 905 1109 in
927 1045 1079 1127 profanis
1103 1044 1223 1108 litteris
1246 1044 1472 1127 principatum
1494 1047 1588 1109 tene·

370 1157 486 1241 rent.¹)
530 1158 648 1222 Libros
676 1158 872 1240 possedisse
894 1157 1025 1221 videtur
1053 1156 1143 1221 haud
1170 1175 1313 1238 paucos:
1347 1160 1588 1221 commemorat

368 1271 506 1349 nivium,
541 1271 642 1335 runs
670 1271 847 1335 historiam
877 1270 1075 1347 naturalem,
1109 1252 1263 1335 Caesaris
1285 1269 1411 1335 senum
1433 1269 1588 1352 gallicum

368 1382 487 1464 (Seeck
508 1402 558 1465 pr.
582 1382 687 1465 XLV).
721 1382 850 1447 Livium
873 1385 982 1446 totum
997 1381 1246 1447 emendandum
1262 1382 1391 1447 curavit
1404 1402 1465 1465 per
1476 1383 1587 1446 Victo-

369 1496 500 1559 rianum
530 1496 711 1578 quendam;
747 1514 825 1559 nam
854 1499 888 1559 et
913 1499 993 1578 post
1020 1513 1138 1559 omnes
1166 1494 1295 1576 primae
1318 1494 1454 1559 decadis
1482 1494 1587 1558 libros

369 1605 536 1671 invenitur
560 1606 780 1688 subscriptio:
810 1604 1013 1671 Victorianus
1033 1626 1063 1671 o.
1085 1626 1110 1669 c.
1133 1604 1335 1671 mmmmm
1356 1605 1481 1669 domuis
1495 1603 1587 1690 Sym·
1630 1587 1633 1590 ¹

259 1702 262 1706 ’
368 1716 526 1801 mochis‚²)
561 1722 594 1782 et
617 1720 836 1801 Symmachus
866 1719 938 1800 ipse
968 1719 1010 1781 de
1038 1719 1102 1783 hac
1131 1738 1168 1783 re
1197 1737 1288 1783 anno
1310 1720 1371 1784 401
1396 1717 1440 1783 ad
1463 1718 1588 1782 Valeri-

368 1853 469 1898 anum
492 1834 611 1897 scribit
634 1833 690 1912 (lX
709 1834 773 1915 13):
802 1851 923 1895 miluus
945 1828 1041 1895 totius
1054 1828 1192 1894 Limnai
1212 1828 1314 1913 operis
1334 1830 1418 1911 qiud
1433 1828 1589 1914 spopondi

368 1942 568 2009 etiamnunc
583 1942 748 2027 dctipeutir
762 1940 993 2009 mactationis
1012 1947 1166 2007 moratur.
1204 1943 1337 2021 Quanto
1357 1962 1460 2026 opere
1475 1962 1588 2009 emen·

367 2057 538 2126 dationem
562 2058 736 2137 curaverit,
759 2057 949 2123 declaratur
971 2056 1114 2139 epistula
1135 2056 1206 2120 itt
1228 2058 1271 2121 ad
1285 2056 1474 2123 Ausonium
1494 2057 1587 2121 data:

366 2168 396 2231 si
419 2173 447 2232 te
468 2188 557 2233 umor
578 2168 667 2234 habet
694 2167 855 2233 trutinatis
882 2166 1042 2247 historiae,
1074 2188 1171 2250 quom
1192 2166 1327 2232 Plinius
1348 2166 1524 2247 duhorooit
1546 2188 1588 2232 en

369 2280 424 2346 tibi
452 2280 579 2361 libellos,
613 2302 748 2362 quorum
774 2280 856 2345 milii
877 2285 1112 2363 praesentanea
1137 2280 1226 2363 copia
1251 2278 1327 2362 fuit.
1376 2279 1416 2345 iu
1447 2280 1520 2361 quis
1550 2282 1589 2344 ut

367 2391 505 2459 arbitror
530 2392 708 2477 opulentiae
740 2392 931 2457 eruditionis
964 2398 1037 2458 tunc
1067 2392 1233 2477 ueytepeus
1264 2391 1409 2457 veritatis
1435 2391 1590 2458 librarius

367 2504 546 2589 displicebit.
589 2505 644 2569 sed
671 2504 752 2569 mihi
778 2504 892 2588 fraudi
918 2525 987 2570 uon
1007 2504 1070 2569 erit
1097 2503 1328 2570 etmudahbuis
1348 2504 1488 2571 ionem.
1536 2507 1588 2571 cf.

365 2621 405 2684 lll
430 2621 501 2700 lut
530 2620 574 2686 ad
594 2619 816 2686 Naucellium:
849 2617 1031 2697 coracinum
1057 2622 1186 2683 tuoricm
1207 2617 1338 2683 cod-icem
1360 2614 1588 2703 reportandum

360 2752 461 2816 priero
484 2729 613 2810 tradidi,
636 2734 665 2794 et
686 2730 764 2812 quio
785 2729 965 2816 cploqarum
986 2728 1141 2812 confusus
1162 2730 1237 2795 ordo
1259 2735 1313 2810 est,
1337 2724 1431 2812 quem
1451 2729 1587 2813 descrip-

364 2843 464 2908 simus
493 2843 643 2926 (luretua
671 2843 709 2908 dc
730 2864 763 2908 eo
785 2843 970 2926 scripsimus
989 2845 1067 2927 PF),
1102 2842 1198 2908 mmcd
1219 2841 1304 2923 misi,
1332 2847 1370 2907 ut
1390 2847 1421 2907 et
1440 2841 1589 2907 correctio

364 2977 385 3022 a
408 2961 437 3020 te
458 2955 586 3038 utrique
605 2959 784 3039 praestetur
805 2961 835 3020 et
856 2955 1002 3035 murum,
1024 2975 1106 3036 quoe
1126 2975 1216 3020 nuuc
1232 2953 1362 3039 ponpis,
1384 2953 1525 3019 odwin

450 3071 487 3136 In
511 3070 661 3152 legendis
676 3070 912 3153 ‘scriptoribus
938 3069 1085 3134 maxime
1113 3073 1184 3134 tum
1206 3073 1389 3150 occupatus
1412 3068 1517 3133 fuisse
1540 3068 1587 3132 vi·

366 3183 472 3262 detur,
508 3202 584 3247 cum
618 3186 712 3247 extra
745 3185 864 3247 urbem
896 3180 935 3244 iu
966 3201 1086 3246 secessu
1118 3179 1251 3264 tepebat.
1304 3180 1398 3245 Velut
1424 3181 1586 3263 Eutropio

366 3295 485 3361 scribit
516 3295 636 3358 11150:
673 3314 745 3357 urm
778 3297 814 3358 tu
842 3291 977 3358 Rectum
1005 3291 1199 3357 commod-um
1225 3290 1349 3374 repetis,
1378 3311 1436 3375 epo
1468 3312 1517 3355 ure
1547 3290 1587 3356 iu

453 3535 473 3602 ¹)
491 3535 602 3590 Hieron.
616 3553 658 3605 ep.
672 3537 705 3590 95
723 3534 805 3590 audio
822 3534 974 3605 retiqiosam
991 3533 1085 3589 hohen
1102 3537 1126 3587 tc
1143 3537 1257 3588 metron
1275 3574 1281 3588 .
1296 3574 1322 3588 ..
1341 3549 1409 3602 qaue
1424 3533 1502 3598 cluit
1521 3549 1587 3602 quoe

363 3622 478 3678 medicit
495 3622 642 3692 insonteis:
664 3639 696 3677 cc
709 3625 773 3692 post
789 3621 881 3677 suun
893 3620 1056 3686 Sotionem,
1076 3635 1142 3690 quae
1159 3621 1200 3674 vu
1214 3619 1404 3688 flormucsimo
1422 3623 1493 3686 suat,
1511 3620 1587 3676 misit

366 3711 490 3766 itonam
528 3711 637 3764 Gallum
654 3711 795 3763 rhetorem
813 3710 974 3763 Nicomachi
993 3710 1081 3762 amico
1096 3709 1276 3778 Symmachus
1295 3709 1492 3762 arcessendum
1511 3715 1587 3761 curat

365 3799 461 3853 v134.
497 3799 567 3852 Hinc
586 3797 693 3852 Sidonii
711 3797 830 3851 Euhodii
849 3798 966 3850 aliorum
988 3797 1105 3850 imitatio
1131 3796 1300 3864 explicanda.
1330 3810 1403 3864 quae
1426 3795 1585 3864 diligentius

363 3886 545 3954 investigetur
562 3901 677 3940 necesse
697 3891 747 3939 est.
783 3885 824 3938 De
843 3885 985 3938 Gallorum
1003 3884 1158 3952 principatu
1177 3885 1211 3937 cf.
1230 3883 1371 3945 bernard,
1390 3883 1425 3937 de
1444 3883 1585 3937 Gallorum

363 3974 483 4028 oratorio
511 3974 636 4042 ingenio,
671 3973 786 4026 Bonnae
815 3973 890 4026 1848.
926 3971 1113 4038 Engelbrecht
1139 3971 1157 4025 l.
1182 3987 1204 4025 c.
1233 3988 1259 4039 p.
1282 3971 1335 4024 432
1363 3985 1425 4039 sqq.
1461 3971 1584 4038 Bernays

363 4061 434 4115 hbb.
454 4061 478 4115 11
496 4062 530 4114 St
549 4077 610 4128 sqq.
646 4059 726 4127 Jung,
753 4059 804 4113 Die
826 4058 1023 4112 romanischen
1045 4058 1199 4112 Prorinzen
1221 4075 1248 4126 p.
1272 4058 1326 4112 404
1347 4073 1409 4126 sqq.
1444 4057 1535 4112 Etiam
1557 4058 1585 4112 in

364 4150 512 4204 verborum
531 4149 612 4218 copia
629 4165 737 4202 summa
756 4148 922 4214 Symmacho
941 4163 1003 4199 cum
1022 4146 1108 4200 Gallis
1127 4146 1291 4210 similitudo;
1320 4145 1354 4199 ct.
1373 4144 1401 4199 C.
1420 4144 1532 4209 Becker,
1551 4145 1586 4200 de

362 4237 457 4291 metris
475 4237 504 4291 in
522 4235 752 4305 Heptateuchum,
772 4236 836 4290 diss.
859 4235 948 4287 Bonn.
969 4235 1036 4287 1889
1054 4252 1080 4302 p.
1092 4235 1124 4287 tl
1145 4250 1216 4302 sqq..
1238 4233 1285 4286 ubi
1309 4232 1465 4300 Symmachi
1483 4248 1586 4286 nomen

363 4326 521 4379 addendum
550 4329 592 4378 est
618 4324 653 4378 ad
684 4323 795 4387 locutio,
818 4320 946 4392 percipit,
968 4321 1133 4390 praeoeuus,
1159 4318 1355 4390 praenuntius,
1381 4335 1586 4392 praeproperus,

362 4415 621 4568 ⁸⁰tut⁸¹i5agsshhm
640 4495 737 4553 Sachs.
756 4498 817 4551 Ber.
838 4497 904 4550 1851
923 4514 950 4565 p.
967 4497 1019 4550 335
1038 4513 1100 4566 sqq.
1128 4495 1276 4564 Exemplar
1294 4499 1394 4564 postea
1410 4495 1439 4548 in
1458 4493 1582 4550 Flaviani

360 4605 460 4642 rnanus
483 4571 593 4640 venisse
616 4593 691 4640 recte
715 4585 872 4654 collegisse*
887 4586 996 4638 videtur
1014 4601 1047 4638 ex
1066 4584 1164 4638 ceteris
1183 4582 1433 4650 subscriptionibus
1453 4581 1585 4635 Seeclius

361 4693 401 4743 pr.
421 4675 455 4728 LI
475 4676 538 4728 adn.
560 4676 605 4726 181
629 4675 662 4728 cf.
678 4675 735 4728 107.
748 4674 807 4726 elo.
844 4673 911 4726 Mira
931 4689 963 4724 ex
983 4674 1036 4724 hoc
1056 4672 1118 4725 loco
1137 4671 1257 4726 extrahit
1268 4670 1450 4731 Burclrhardt.
1470 4667 1514 4722 die
1527 4669 1587 4722 Zeit

361 4761 539 4814 Constantius
559 4763 608 4814 (les
628 4761 842 4830 G1·ossen,Lpz.
864 4761 930 4812 1880
948 4778 975 4826 p.
993 4759 1053 4811 438,
