3459 5200
600 446 811 546 A„

92 656 159 732 not.
184 653 308 732 quaest.
333 646 349 710 Ι
376 648 450 714 1.3:
480 643 624 710 Vidimus
648 645 735 711 circo
759 643 825 710 divi
848 642 988 725 Augusti
1016 662 1184 708 excessum
1213 638 1317 707 similo

90 755 287 840 prodigium.
311 752 450 820 vidimus
475 771 512 818 eo
540 758 696 837 tempore,
729 770 791 834 quo
821 749 863 816 de
891 749 1009 814 Seiano
1038 756 1146 815 actoru
1175 754 1319 814 estnec

91 861 279 930 Germanioi
302 879 388 926 mors
412 858 482 925 sine
505 857 746 924 denuntiatione
775 855 833 922 teli
860 854 929 923 linit
974 855 1064 922 dices
1092 855 1185 921 mihi:
1221 875 1318 938 „ergo

91 977 128 1036 ιιι
153 969 185 1035 ιι
209 967 309 1034 ιιιιίι
333 965 494 1032 erroribus
519 986 563 1052 eo,
587 971 622 1030 nt
644 963 810 1031 existimes
833 966 906 1028 deos
933 963 1080 1028 mortium
1108 964 1203 1047 signo
1225 982 1318 1048 pree·

91 1077 221 1144 mittere
244 1081 278 1142 ιι
305 1073 476 1158 quicquam
505 1072 537 1138 in
567 1072 661 1140 terris
694 1092 767 1140 esse
799 1078 865 1136 tem
898 1091 1064 1155 magnum,
1096 1070 1183 1154 quod
1213 1069 1321 1156 perire

91 1182 234 1250 mundus
261 1181 384 1249 sciatl⁴¹
432 1179 493 1246 erit
521 1179 610 1244 uliud
633 1180 727 1246 istius
746 1179 792 1246 rei
807 1185 943 1264 tempus.
965 1178 1146 1246 videbimus
1160 1199 1203 1244 on
1216 1200 1322 1243 nomm

92 1294 232 1360 omnium
254 1297 355 1356 certos
377 1289 454 1354 ordo
477 1287 613 1354 ducetur
637 1293 668 1352 ct
691 1286 758 1353 alio
781 1285 856 1353 eliis
879 1287 928 1352 ito
945 1287 1077 1372 inplexo
1091 1287 1164 1372 sint,
1188 1293 1223 1352 nt
1236 1284 1323 1369 quod

94 1396 276 1482 antecedit,
308 1401 365 1461 ont
397 1415 498 1461 conso
531 1393 574 1460 sit
603 1393 802 1476 sequentium
831 1400 889 1459 aut
912 1394 1047 1476 signnm.
1075 1392 1257 1461 videbimus
1280 1415 1323 1459 ιι

93 1509 145 1572 dis
168 1509 304 1572 nomano
326 1525 419 1568 ιιι-ιιι
446 1505 519 1585 ont,
548 1521 590 1566 ou
619 1501 720 1568 series
752 1501 839 1586 ipsa,
872 1500 949 1584 quid
982 1501 1107 1567 lectura
1139 1502 1195 1584 sit,
1226 1503 1323 1568 certis

96 1633 203 1680 rernm
226 1611 314 1678 notis
337 1609 469 1676 nuntiet.
491 1610 550 1694 Ep.
574 1609 627 1676 95.
641 1611 698 1676 50:
729 1609 856 1674 Primus
885 1615 936 1674 est
963 1607 1095 1676 deorum
1123 1608 1229 1678 cultus
1252 1613 1324 1675 deos

97 1720 242 1788 credere.
322 1717 405 1784 scire
422 1715 497 1782 illos
516 1735 599 1795 esse,
617 1715 732 1799 ..qni
757 1716 887 1780 humani
911 1717 1040 1799 generis
1060 1717 1193 1783 tutelam
1210 1725 1326 1800 gerunt

96 1830 253 1894 imerdom
276 1828 391 1892 cur-ioci
412 1827 612 1908 sinodorum.
636 1824 696 1908 Ep.
723 1825 793 1890 110.
809 1827 839 1891 2.

190 1937 221 2002 3.
246 1933 279 2000 S.
302 1933 360 2017 Ep.
379 1935 449 1998 lll.
463 1935 517 1998 19:
542 1931 583 1996 dc
606 1933 733 1996 decom
756 1935 876 1995 notura
898 1950 1101 2015 quaeramus,
1124 1930 1327 1999 desiderum

99 2043 268 2125 alimento,
297 2039 338 2106 de
365 2037 417 2104 his
445 2047 506 2104 torn
532 2041 627 2104 ιαιιιι
653 2041 810 2104 stellarum
833 2039 1036 2102 discursibus:
1069 2059 1110 2104 an
1133 2038 1178 2104 ιιι
1199 2037 1328 2105 illarum

99 2157 207 2216 motus
231 2154 343 2214 nostra
365 2154 562 2229 moveantur,
656 2165 698 2210 an
722 2151 754 2211 et
781 2145 876 2229 hoec,
904 2165 987 2228 quoe
1015 2145 1146 2211 fortuito
1169 2145 1327 2225 dicontur,

99 2265 185 2324 certo
214 2259 276 2338 lcqc
302 2257 466 2320 cormlriota
496 2257 559 2318 sint
589 2253 732 2336 nihilque
760 2252 792 2318 in
821 2251 884 2317 hoc
906 2251 1024 2318 mundo
1048 2255 1248 2338 repentinum
1272 2262 1329 2320 ont

101 2382 221 2450 expers
244 2361 367 2428 ordinis
389 2359 559 2428 volutetur.
583 2366 648 2428 nat.
674 2366 797 2442 quaest.
820 2359 852 2422 ιι
876 2362 960 2426 321
986 2367 1019 2425 et
1039 2363 1072 2428 4.

194 2473 225 2537 4.
250 2469 281 2535 S.
305 2467 347 2535 de
370 2487 460 2553 prov.
483 2468 512 2532 V
539 2471 572 2533 l:
596 2467 666 2532 Hoc
690 2473 740 2532 est
762 2467 963 2552 propositum
986 2467 1058 2552 deo,
1081 2467 1168 2552 quod
1191 2469 1329 2554 sepienti

101 2579 185 2663 viro,
209 2575 379 2643 ostendere
402 2575 496 2659 hoec,
524 2593 608 2658 quae
630 2577 737 2657 colom
760 2574 898 2660 oppetit,
931 2595 1015 2659 quae
1042 2575 1243 2663 reformidat,
1275 2600 1331 2642 occ

101 2689 184 2754 botro
207 2708 272 2751 esse
293 2707 348 2751 occ
370 2687 463 2751 molo.
489 2684 546 2767 up.
564 2684 617 2749 94.
631 2684 664 2748 7:
689 2681 814 2747 efficias
838 2689 974 2768 oportet,
997 2690 1032 2749 ut
1055 2685 1137 2750 sciat
1158 2685 1331 2770 pecuniam

99 2816 159 2859 oen
182 2794 294 2859 tonum
315 2812 371 2857 occ
393 2792 508 2856 rnatum
536 2812 610 2857 cose.
640 2788 794 2855 ostendas
822 2788 870 2853 illi
897 2794 1089 2857 miserrimos
1120 2795 1235 2857 divites.
1269 2793 1329 2877 Ep.

99 2902 158 2969 45.
175 2903 210 2967 9:
235 2899 296 2964 hoc
318 2916 379 2963 nos
402 2896 493 2976 doce,
518 2898 648 2963 beatum
671 2917 734 2962 non
754 2917 825 2963 enm
842 2917 927 2982 esse,
950 2902 1162 2983 qoemoolqno
1176 2898 1331 2984 adpellot,

100 3006 148 3073 ιιι
172 3027 266 3090 quern
290 3004 428 3091 pecunie
451 3024 569 3085 magne
597 3002 766 3089 conduxit,
794 3003 853 3070 scd
885 3004 989 3087 illurn,
1017 3007 1067 3071 coi
1096 3008 1214 3071 bonum
1236 3026 1331 3072 omne

100 3116 136 3179 in
161 3113 270 3179 auimo
294 3119 353 3179 est.
381 3112 440 3196 sp.
471 3114 523 3177 94.
538 3112 595 3176 60:
633 3110 704 3178 Non
737 3116 799 3195 cst,
832 3110 920 3194 qood
953 3112 1100 3180 invideas
1132 3113 1217 3198 istis,
1250 3134 1331 3197 quos

100 3240 242 3304 magnos
258 3218 432 3302 felicesque
442 3221 579 3306 populos
599 3223 702 3283 vocat.
724 3219 764 3284 73
780 3238 841 3301 sq:
866 3218 1018 3285 ostendat
1041 3239 1081 3285 cx
1105 3220 1332 3286 constitutione

100 3330 183 3411 oolqi
205 3326 321 3393 beatos
344 3326 377 3391 in
400 3324 457 3391 illo
480 3324 642 3391 invidioso
666 3324 799 3408 fastigio
824 3346 883 3391 sno
906 3333 1081 3393 trementes
1109 3333 1142 3393 et
1168 3326 1332 3394 adtonitos

102 3436 266 3517 longeque
290 3432 389 3499 olium
413 3431 454 3498 de
478 3452 514 3499 se
537 3431 720 3516 opinionem
745 3432 902 3499 habentes
926 3454 1022 3517 quom
1041 3435 1084 3500 ab
1098 3433 1173 3502 aliis
1187 3435 1332 3502 habetor.

180 3560 256 3605 nem
279 3540 371 3623 qnasi
395 3539 459 3605 istc
483 3540 565 3604 iuter
588 3558 624 3605 ιι
648 3540 808 3605 contraria
832 3540 905 3625 siut,
929 3541 1014 3605 bono
1037 3541 1166 3607 fortuna
1189 3549 1222 3609 et
1243 3563 1334 3609 mens

102 3650 206 3731 bone,
237 3646 282 3711 ito
313 3647 429 3713 melius
461 3646 494 3711 in
525 3646 620 3711 melis
653 3646 812 3731 sopimus:
846 3647 989 3714 secunda
1021 3657 1143 3714 rectum
1175 3650 1333 3718 auferunt.

103 3756 166 3840 Ep.
193 3756 295 3823 98.1:
319 3761 436 3839 cetere,
460 3773 593 3838 qnorurn
617 3752 788 3818 admiratio
813 3761 864 3819 ιιι
881 3758 975 3838 coloe,
1000 3756 1033 3821 in
1049 3754 1135 3823 diem
1150 3757 1234 3822 bone
1249 3765 1332 3824 sunt.

106 3865 160 3929 13:
185 3881 296 3929 rursus
319 3862 393 3946 isto,
421 3880 504 3944 quae
533 3868 567 3927 ut
595 3860 745 3945 specioso
778 3868 810 3926 et
843 3862 952 3927 leticie
985 3862 1115 3928 trahunt
1144 3869 1280 3949 cotylem,
1314 3886 1335 3928 a

107 3967 216 4034 multis
241 3974 274 4033 ct
297 3988 397 4053 saepe
420 3973 604 4053 contempta
627 3975 711 4035 sunt.
734 3968 793 4053 Ep.
819 3973 871 4036 66.
887 3972 944 4048 31;
968 3973 1019 4039 lt.
1038 3974 1090 4039 13.

200 4078 229 4141 5.
254 4075 287 4144 S.
316 4074 358 4142 dc
379 4095 469 4161 prov.
485 4076 513 4139 V
530 4078 550 4141 6
565 4094 626 4158 sq:
650 4073 737 4141 Nihil
761 4096 868 4159 cogor,
891 4076 970 4141 nihil
993 4078 1101 4161 potior
1122 4078 1251 4157 invitus,
1275 4100 1334 4144 occ

106 4182 215 4250 servio
249 4180 310 4247 deo
339 4180 399 4249 ιιιι
430 4182 603 4266 assentior,
636 4202 674 4247 eo
703 4180 833 4265 quidem
865 4184 984 4268 magis,
1016 4184 1103 4268 quod
1132 4187 1200 4252 scio
1228 4186 1335 4249 omnia

104 4296 196 4357 certa
226 4296 258 4355 et
286 4289 318 4354 in
342 4295 508 4356 aeternum
531 4288 620 4355 dicta
643 4286 716 4371 lege
740 4288 920 4356 decurrere.
968 4291 1037 4356 lata
1060 4312 1120 4359 nos
1144 4293 1265 4357 ducunt
1287 4300 1328 4368 et,

106 4402 263 4481 quantum
288 4397 405 4481 cuique
429 4396 581 4481 temporis
606 4402 714 4480 restat,
733 4400 839 4480 pedum
861 4402 1052 4465 uescentium
1075 4402 1151 4465 dora
1173 4402 1331 4485 disposuit.

164 4503 241 4569 olirn
256 4504 462 4570 constitutum
480 4511 538 4588 est,
553 4503 630 4587 quid
646 4502 801 4589 gaudem,
821 4504 899 4587 quid
913 4504 1003 4571 fleas.
1029 4504 1071 4570 ιιι
1086 4506 1185 4573 Marc.
1202 4506 1244 4572 de
1260 4528 1333 4571 oon-

105 4612 166 4679 ιοι.
189 4611 221 4677 Χ
245 4612 280 4677 5:
303 4610 339 4678 si
362 4616 520 4677 mortuum
544 4610 602 4676 tibi
625 4610 725 4678 filiun
750 4610 854 4696 doles,
883 4615 949 4677 cius
977 4615 1135 4697 ternomio,
1163 4634 1222 4698 quo
1244 4622 1336 4679 oclus

105 4727 166 4803 eet,
192 4716 312 4785 crimen
336 4724 400 4803 est3
424 4739 509 4785 mors
533 4717 619 4785 enim
642 4718 690 4783 illi
713 4716 904 4785 denuntiate
925 4724 1063 4787 oosocott
1090 4727 1154 4804 est3
1188 4719 1223 4787 in
1252 4720 1338 4787 hane

1120 4828 1139 4885 2
