3459 5200
941 307 984 373 at

357 535 475 581 nerum
498 516 674 581 diversitas
703 516 808 599 magis
838 516 1011 599 magisque
1038 516 1176 582 tollitur.
1220 518 1339 599 Atque,
1374 516 1405 581 si
1436 516 1573 597 paulum

357 628 485 710 digredi
507 628 594 706 licet,
617 629 718 695 etiam
733 627 779 693 ita
793 628 877 693 fines
894 630 972 693 ante
986 630 1058 693 arte
1074 628 1319 711 circumscripti
1333 630 1572 711 propagantur,

356 744 392 805 ut
413 741 580 823 permulta
601 741 763 807 vocabula
777 741 841 805 vivi
866 740 1034 805 sermonis
1055 741 1277 807 admittantur
1297 762 1319 807 a
1341 741 1572 824 superioribus

357 854 470 919 vitata.
515 853 553 918 Ε.
582 852 646 918 Th.
675 852 826 931 schulze,
863 853 920 934 (de
941 851 980 930 Q.
1002 854 1082 918 Aur.
1106 854 1298 939 Symmachi
1331 854 1572 920 vocabulorum

358 965 615 1033 formationibus
655 966 697 1031 ad
737 985 929 1031 sermonem
967 966 1137 1049 vulgarem
1173 969 1437 1049 pertinentibus,
1490 966 1574 1032 diss.

355 1076 493 1143 Halens.
517 1077 558 1141 Vl
579 1098 612 1159 p.
637 1078 711 1161 114)
747 1077 929 1143 arbitratur
965 1077 1212 1161 Symmachum,
1248 1080 1277 1144 si
1310 1082 1383 1163 ipse
1411 1078 1575 1146 edidisset

358 1190 530 1273 epistulas,
555 1191 718 1255 nonnulla
732 1190 881 1273 vulgaria
900 1194 1089 1256 amoturum
1112 1191 1226 1271 fuisse,
1249 1192 1284 1258 id
1306 1193 1396 1277 quod
1418 1192 1573 1277 equidem

358 1320 428 1369 non
451 1302 659 1369 crediderim.
697 1302 780 1367 Nam
804 1303 888 1367 adeo
911 1302 1046 1368 limatae
1070 1309 1149 1369 sunt
1169 1306 1333 1387 epistulae
1355 1305 1400 1370 ad
1422 1325 1481 1370 eos
1503 1305 1575 1388 ple-

359 1432 498 1497 rumque
522 1414 628 1493 datae,
658 1416 713 1498 qui
735 1418 870 1497 praeter
892 1419 1022 1481 ceteros
1045 1416 1218 1482 doctrinae
1241 1418 1337 1501 copia
1363 1422 1397 1484 et
1418 1417 1576 1483 dictionis

359 1528 523 1610 elegantia
544 1528 711 1606 florerent,
739 1531 776 1593 ut
798 1527 882 1593 nihil
906 1529 975 1592 lere
997 1529 1118 1593 mutari
1139 1530 1259 1612 possit.
1303 1530 1352 1594 Ac
1375 1548 1418 1594 ne
1440 1528 1575 1594 Koreno

240 1692 244 1696 .
358 1640 586 1723 (quaestiones
619 1638 910 1723 Symmachianae,
943 1639 1085 1705 Vindoh.
1110 1642 1193 1705 1874
1213 1662 1246 1724 p.
1270 1641 1326 1724 37)
1358 1641 1494 1725 quidem
1520 1661 1576 1707 as·

360 1754 497 1829 sentior,
520 1752 577 1835 qui
593 1752 717 1835 Symm.
733 1752 845 1835 ipsum
860 1752 990 1818 litteras
1006 1752 1143 1835 exiguas
1159 1752 1275 1835 quales
1292 1757 1371 1819 sunt
1384 1753 1452 1819 VlIl
1467 1755 1517 1819 71.
1534 1754 1576 1818 72

360 1864 526 1930 editurum
561 1884 629 1931 non
657 1864 761 1931 luisse
790 1868 888 1946 putat
919 1864 975 1946 (cf.
999 1862 1158 1930 Teuffel⁵
1183 1864 1278 1943 trae
1312 1884 1432 1947 „sogar
1463 1865 1577 1931 blosse

359 1977 643 2061 Papierschnitzel
666 1978 743 2043 sind
765 1977 1068 2059 autgenommen“).
1102 1976 1187 2044 Nam
1209 1978 1290 2043 talia
1312 1997 1444 2061 quoque
1465 1978 1576 2060 puhli-

361 2106 436 2156 carc
459 2090 563 2155 moris
586 2089 662 2167 suia
687 2089 727 2155 cf.
752 2089 908 2155 Pliniiet
894 2089 1062 2155 tTraiani
1085 2108 1160 2172 epp
1183 2090 1235 2169 58,
1257 2090 1380 2157 multas
1395 2090 1576 2157 Frontonis

361 2204 518 2286 equinto
484 2201 590 2267 tad
617 2202 657 2266 M.
683 2202 861 2267 Caesarem
889 2200 986 2279 libro,
1020 2202 1152 2285 Synesii
1180 2221 1253 2284 epp.
1277 2203 1328 2269 64.
1351 2202 1403 2281 65,
1436 2222 1577 2342 quarum

361 2319 500 2397 utraque
523 2332 563 2379 ex
586 2332 654 2379 una
676 2317 808 2379 constat
831 2312 1008 2378 sententia

446 2452 573 2518 Sedt
536 2457 573 2518 ut
595 2450 710 2517 redeat
732 2452 820 2517 unde
843 2452 995 2533 digressa
1026 2454 1078 2517 est
1106 2452 1223 2529 oratio,
1257 2451 1324 2517 iam
1352 2452 1394 2517 de
1420 2455 1529 2535 poetis
1558 2473 1580 2519 a

362 2565 562 2650 Symmacho
585 2562 771 2630 imitatione
794 2566 963 2647 expressis
986 2583 1134 2646 agamus.

446 2705 494 2768 De
526 2705 715 2786 priscorum
748 2706 924 2786 poetarum
956 2704 1101 2769 lectione
1134 2704 1366 2787 quaestionem
1403 2705 1579 2770 instituere

363 2817 528 2883 difficilius
552 2819 612 2880 est.
658 2817 741 2881 Nam
772 2817 799 2880 si
822 2815 885 2880 viri
914 2816 1002 2881 docti
1031 2815 1188 2882 audiendi
1212 2812 1327 2901 sunt‚¹)
1360 2817 1484 2900 Symm.
1508 2837 1579 2882 non

271 2969 272 2972 =
363 2931 473 2996 minus
496 2927 667 2995 studiosus
691 2933 742 2993 est
757 2932 907 2993 veterum
927 2927 1076 2994 imitatur
1090 2948 1190 3011 quam
1206 2930 1299 2995 verbi
1323 2949 1424 2995 causa
1438 2929 1579 3006 Front03

364 3043 416 3106 sin
447 3041 481 3106 in
509 3041 619 3106 indice
642 3039 772 3107 Seeckii
802 3039 1003 3123 quaerimus,
1034 3061 1118 3124 quos
1141 3042 1290 3106 attulerit
1311 3042 1442 3126 priscos
1473 3042 1579 3125 scrip·

362 3158 464 3232 torae,
499 3153 679 3218 admodum
701 3151 800 3235 pauci
829 3156 922 3219 sunt:
955 3153 1116 3219 Naevium
1138 3154 1293 3220 Plautum
1316 3152 1498 3222 Caecilium
1519 3155 1578 3220 Ca·

362 3271 477 3331 ionem
500 3265 649 3347 singulis
673 3265 870 3330 Terentium
892 3265 998 3330 trihus
1021 3264 1117 3329 locis.
1160 3265 1274 3348 Neque
1295 3265 1393 3331 aliter
1416 3267 1579 3332 sehabet

364 3399 417 3445 res
439 3377 528 3464 apud
544 3383 689 3444 ceteros:
712 3378 934 3461 Hieronymus
951 3377 1147 3444 Terentium
1162 3377 1267 3459 probe
1284 3379 1452 3460 cognitum
1468 3377 1580 3458 habet,

363 3491 517 3558 Plautum
539 3489 710 3574 aliquanto
733 3491 855 3570 minus,
890 3490 1095 3574 reliquorum
1121 3490 1216 3554 locos
1239 3491 1308 3556 sive
1332 3491 1487 3556 Ciceroni
1509 3490 1579 3556 sive

363 3603 437 3670 aliis
461 3603 561 3669 debet
584 3603 773 3682 (theck8.
793 3603 852 3668 105
869 3606 966 3687 sqq),
989 3602 1189 3668 Ambrosius
1213 3603 1296 3668 nihil
1318 3603 1389 3668 fere
1412 3603 1480 3669 nisi
1501 3624 1579 3687 pro·

363 3715 477 3781 verbia
505 3715 669 3798 quaedam
692 3735 709 3779 c
734 3717 870 3782 comicis
900 3717 1013 3782 hausit
1041 3715 1127 3797 (Ihm
1149 3715 1190 3778 88
1220 3714 1296 3780 adn.
1318 3715 1384 3797 88),
1419 3716 1579 3783 Sidonius

364 3829 518 3894 Plautum
546 3832 578 3892 et
601 3828 796 3894 Terentium
826 3828 905 3910 legit
938 3827 1082 3910 (Geisler
1102 3829 1146 3892 40
1168 3828 1265 3911 sqq),
1297 3828 1495 3894 Ammianus
1519 3831 1580 3896 Ca·

364 3947 477 4007 tonem
500 3945 561 4019 ter,
585 3941 687 4006 semel
702 3941 868 4020 Plautum,
892 3941 995 4006 semel
1012 3939 1209 4005 Terentium
1224 3941 1304 4006 citat
1320 3941 1474 4020 (Michael
1488 3962 1521 4024 p.
1537 3942 1581 4026 3),

365 4075 451 4120 unus
474 4054 643 4118 Ausonius
667 4054 772 4136 magis
797 4053 830 4116 in
854 4053 1001 4135 antiquis
1023 4054 1176 4117 versatus
1199 4056 1260 4117 est.

365 4232 457 4240 --—--

454 4341 472 4411 ¹)
490 4341 663 4395 Burclrhardt
682 4356 707 4407 p.
725 4339 790 4392 437:
810 4339 877 4400 „der
894 4337 1017 4406 Epigono
1036 4343 1126 4392 verrat
1144 4338 1204 4391 sich
1223 4339 1310 4391 durch
1328 4336 1389 4391 sein
1408 4339 1581 4393 Schwenken

365 4431 501 4484 zwischen
533 4428 736 4497 plautinisclren
765 4426 944 4480 Archaismen
976 4427 1033 4480 und
1061 4427 1114 4480 den
1147 4426 1396 4479 allennodernstcn
1423 4427 1583 4481 ahstratten

366 4516 587 4571 Substanliven“.
622 4515 748 4569 Wclfflin
773 4515 853 4567 Areh.
872 4514 885 4567 Ι
902 4514 961 4568 357.
998 4514 1062 4567 Sittl
1090 4515 1142 4568 loc.
1161 4513 1273 4566 Versch.
1300 4531 1326 4582 p.
1351 4513 1410 4575 184,
1438 4515 1485 4582 qui
1511 4514 1584 4569 falso

366 4606 432 4659 dicit
457 4602 658 4658 tractarenon
685 4603 757 4670 apud
782 4603 809 4656 S.
835 4602 962 4664 inveniri;
988 4601 1071 4655 adhoc
1097 4600 1212 4654 aarum
1239 4601 1326 4654 habes
1353 4601 1443 4664 lara
1470 4601 1507 4655 ltl
1522 4602 1584 4666 59,l

368 4692 403 4746 lll
423 4693 480 4757 83,1
501 4691 523 4760 ll
542 4692 592 4754 Ml.
630 4691 741 4744 Rectius
760 4689 889 4744 iudicavit
908 4690 984 4744 CFW
1002 4689 1108 4753 Mdller,
1126 4688 1217 4742 Fleck.
1237 4705 1299 4742 aun.
1318 4689 1351 4741 73
1374 4688 1463 4758 (1866)
1480 4705 1507 4758 p.
1524 4691 1586 4746 328.
