3459 5200
924 388 947 454 2

318 585 485 655 doctrinae
507 589 576 673 περὶ
597 588 744 674 διχρόνων
766 583 934 654 historiam
955 604 1107 652 enarrare
1129 605 1270 672 possem,
1290 605 1363 652 enm
1378 583 1537 652 vocalium

318 701 345 756 A
359 699 408 755 ll
430 714 523 761 usum
544 693 744 778 investigare
771 694 826 778 qui
849 713 868 760 e
891 699 1060 796 poetarum
1089 693 1286 761 carminibus
1315 693 1397 781 ipsis
1425 712 1541 777 cogno·

318 801 432 886 scitum
455 801 719 887 locupletissimis
741 800 807 869 illis
830 801 1163 887 commentationibus,
1191 821 1274 887 quas
1301 800 1446 869 Isidorus
1475 800 1542 866 Hil-

317 909 398 995 berg
420 909 454 975 in
476 907 607 976 Wiener
630 907 767 976 Studien
789 908 864 976 voll
887 908 1095 977 vm.1x.x
1115 908 1238 996 publici
1257 907 1337 977 iuris
1357 908 1443 994 iecit,
1459 927 1543 974 com·

316 1023 423 1084 motus
446 1015 589 1085 carmina
612 1015 754 1084 iambica
786 1023 956 1103 poctarum
987 1024 1020 1083 et
1050 1015 1317 1096 versificatorem,
1347 1015 1403 1101 qui
1424 1015 1544 1082 iudea

318 1124 476 1210 Gregorio
499 1123 705 1193 Ncnianneno
728 1121 773 1191 od
795 1123 958 1191 Manuelis
981 1122 1097 1192 Philae
1122 1130 1156 1190 et
1182 1123 1371 1210 Ephrcemii
1397 1129 1544 1210 tempora

318 1252 420 1317 usque
443 1231 579 1318 luerunt,
602 1237 825 1318 perscrutatus
848 1250 930 1300 sum.

406 1340 457 1406 Ex
481 1360 522 1408 ea
544 1358 642 1425 qnam
664 1327 851 1425 comparavi
874 1338 1012 1406 materia
1033 1337 1215 1425 particulos
1238 1336 1379 1405 selectas
1402 1337 1466 1405 hac
1479 1336 1544 1407 dis·
1595 1390 1600 1398 .

318 1447 495 1516 sertationo
517 1445 639 1533 publici
661 1445 740 1514 iuris
763 1445 837 1516 feci.
883 1447 949 1514 Bes
968 1466 1051 1533 quas
1066 1445 1241 1532 explanavi
1254 1445 1339 1512 bunc
1353 1446 1387 1512 in
1401 1445 1545 1512 ordinem

318 1554 452 1640 digessi.
499 1554 607 1622 Primo
631 1554 739 1640 capite
761 1553 1009 1638 antiquissimae
1024 1559 1092 1640 cept
1105 1555 1262 1643 στοιχείων
1276 1553 1445 1622 doctrinas
1458 1554 1544 1638 frag·

317 1668 427 1730 menta
449 1662 601 1740 treclsvi3
626 1660 729 1728 altero
753 1659 795 1728 de
817 1659 979 1728 vocalium
1002 1668 1029 1721 A
1045 1661 1311 1742 ltnominibus,
1339 1681 1425 1746 quse
1451 1661 1545 1728 nobis

302 1769 352 1837 ¹in
375 1769 423 1837 eis
447 1789 528 1854 quos
552 1769 738 1837 enumeravi
760 1767 906 1836 fontibus
919 1775 1099 1854 occurrunt
1119 1767 1302 1855 disputavi3
1325 1769 1422 1836 tortio
1437 1767 1546 1854 capite

319 1877 424 1964 dooui,
448 1875 527 1963 quid
548 1876 751 1962 grammatici
775 1875 988 1944 Alexandrini
1006 1875 1049 1943 de
1061 1875 1224 1942 vocalium
1237 1882 1264 1936 A
1278 1883 1291 1937 1
1305 1881 1328 1936 r
1342 1895 1404 1943 usu
1416 1875 1544 1962 poetico

317 1983 497 2068 traderent3
521 1991 636 2070 quarto
659 1983 839 2051 doctrinam
857 1984 1020 2052 rhetorum
1040 2002 1216 2068 eorumque
1230 1983 1423 2070 scriptorum
1436 2003 1545 2051 recen·

319 2092 437 2160 tiorum
459 2091 619 2160 illustravi
642 2091 698 2178 qui
720 2092 921 2160 immutatam
939 2091 1105 2165 ‚vocalium
1132 2097 1159 2152 A
1174 2095 1224 2150 lt
1251 2091 1545 2178 pronuntiationem

319 2219 384 2266 non
397 2199 632 2286 improbabant.
661 2198 831 2286 capitibus
855 2200 976 2285 quinto,
1001 2205 1103 2285 sexto,
1128 2199 1266 2285 septimo
1280 2197 1441 2266 vocalium
1455 2205 1481 2258 A
1497 2203 1546 2260 lt

319 2325 422 2389 nsum,
447 2306 503 2392 qui
526 2327 545 2373 e
566 2305 823 2374 versificatorem
836 2307 1088 2393 Byzantinornm
1111 2305 1308 2374 carminibus
1330 2307 1544 2392 cognoscitur,

318 2421 417 2499 atque
440 2433 550 2482 eorum
574 2433 660 2484 saec.
679 2414 753 2480 XII.
769 2413 858 2482 XIlI.
874 2415 949 2482 XIV
972 2413 1256 2500 grammaticorum
1277 2413 1546 2499 metricornmque

320 2523 376 2609 qui
399 2520 560 2591 vocalium
582 2527 609 2582 A
624 2527 673 2582 ll
696 2521 812 2589 abusui
841 2521 1003 2590 moderari
1035 2522 1131 2590 enixo
1163 2520 1339 2590 studebant
1369 2530 1546 2609 praecepta

318 2629 485 2716 indagavi.
530 2632 569 2697 In
592 2628 831 2699 dissertationis
855 2629 947 2698 calco
978 2629 1192 2718 appendicem
1224 2628 1349 2715 addidi,
1380 2650 1447 2715 qua
1477 2630 1546 2697 uui·

319 2752 416 2805 versa
439 2758 493 2805 crs
516 2736 651 2805 metrica
673 2756 783 2804 eorum
806 2737 1062 2805 versificatorem
1090 2738 1340 2825 Byzantinorum
1366 2736 1547 2806 illustretur

320 2865 455 2932 quorum
477 2845 631 2931 carmina,
656 2864 851 2932 quamquam
874 2845 1036 2912 vocalium
1067 2850 1159 2905 Ait
1189 2846 1293 2912 abusu
1324 2865 1390 2912 non
1420 2851 1546 2930 vacant,

320 2962 429 3021 tamen
453 2954 596 3041 optimae
619 2960 717 3021 notae
739 2972 814 3023 esse
837 2954 947 3041 capite
968 2953 1081 3039 quinto
1105 2951 1358 3021 demonstratum
1380 2959 1440 3021 est.
