3459 5200
200 585 238 650 T.
262 587 343 650 Anu.
367 585 414 650 XI
440 585 724 684 VO.13:effodere
748 587 842 664 rivos,
869 606 1016 669 quaeque
1039 589 1072 650 in
1094 593 1200 670 (aperto
1220 591 1337 667 ornum,

114 691 240 756 humum
267 691 351 758 iufra
375 691 489 757 moliri.

199 799 232 865 S.
259 799 318 883 Ep.
344 801 397 866 57.
415 803 449 864 2:
475 800 604 865 etiamsi
627 799 717 865 loeus
741 761 876 866 haberet
903 801 1020 883 Iuoem,
1050 801 1157 885 pulvis
1186 800 1337 884 auferret,

113 909 141 969 in
164 911 421 990 ‹uperlo'quoque
444 927 496 972 ree
518 911 622 990 yrovis
646 913 679 972 et
701 907 848 974 molesta.

200 1068 238 1134 T.
264 1067 345 1133 Anu.
370 1068 431 1133 XII
455 1071 507 1135 37.
524 1072 559 1134 9:
586 1069 777 1154 suppIIoium
804 1070 866 1134 mei
891 1072 999 1135 obliuio
1022 1078 1206 1154 sequoretur.

201 1175 232 1241 S.
258 1175 317 1260 Ep.
343 1179 394 1241 16.
410 1179 475 1258 29ιΙ
488 1175 607 1241 fautum
632 1184 718 1242 tuum
743 1183 870 1242 matura
893 1185 1035 1261 sequetur
1058 1179 1176 1242 obliuio.

197 1335 236 1401 T.
261 1337 344 1403 Aun.
368 1336 433 1400 XII
452 1340 504 1404 40.
519 1341 577 1404 22ε
603 1337 684 1404 haee
778 1341 932 1422 contonat,
956 1359 996 1403 ne
1020 1337 1126 1403 divisa
1153 1337 1240 1402 haud
1269 1359 1339 1423 per·

111 1441 183 1506 iude
208 1441 251 1507 ad
277 1445 465 1508 memoriam
489 1445 538 1512 sui
561 1449 705 1512 valerent.

198 1548 231 1616 S.
247 1549 309 1634 Ep.
326 1555 381 1641 94.
394 1553 450 1616 29:
467 1551 627 1636 quaedam
643 1553 782 1618 diuersis
796 1552 877 1618 Iouis
893 1551 999 1618 iacent
1015 1572 1131 1636 sparsa
1152 1604 1204 1619 ...
1227 1552 1336 1635 itaque

111 1655 141 1721 in
164 1676 263 1722 unum
289 1656 485 1724 eonferenda
508 1667 582 1726 sunt
605 1667 637 1726 et
660 1663 822 1743 tenuanda,
847 1669 882 1724 ut
906 1659 979 1744 plus
1002 1662 1130 1724 ualeant.

195 1821 233 1884 T.
264 1823 347 1886 Anu.
371 1822 433 1887 XII
456 1826 508 1887 41.
538 1827 593 1888 12:
623 1826 812 1906 vendentibus
839 1827 903 1888 into
926 1827 1017 1888 otonis
1042 1825 1118 1890 suis.
1155 1825 1235 1887 Anu.
1258 1821 1339 1886 XIII

114 1929 160 1994 19.
177 1929 214 1994 9:
239 1937 410 2010 ueryeutem
433 1934 523 1995 nauta
547 1930 709 2000 dictitans.
744 1932 825 1998 Anu.
842 1930 887 1995 IV
903 1934 954 1997 41.
980 1940 1015 1995 S:
1040 1937 1179 2012 ueryente
1201 1932 1266 1994 mm
1289 1949 1338 1994 oe·

111 2041 212 2102 neeta.

198 2142 231 2207 S.
258 2141 301 2207 de
325 2144 415 2209 olem.
439 2143 454 2210 I
480 2149 578 2212 11.1:
603 2146 769 2230 Augustus
793 2166 893 2211 senex
917 2152 974 2209 aut
995 2148 1057 2209 ium
1082 2144 1115 2208 in
1139 2149 1337 2208 senectutem

114 2250 201 2312 ouius
223 2252 424 2333 ueryeutt'bau.

198 2410 235 2476 T.
259 2409 342 2476 Anu.
366 2411 430 2476 XII
453 2416 504 2480 45.
532 2415 585 2480 10:
609 2413 689 2479 nihil
719 2422 784 2478 tem
812 2418 952 2496 *iuuuuuuu
983 2413 1125 2477 barbona
1154 2432 1250 2494 quam
1276 2434 1339 2475 nuu-

113 2519 301 2583 etinnmenta
334 2525 367 2584 et
400 2527 490 2586 astus
524 2521 811 2607 oppugnationum:
844 2528 880 2609 at
903 2520 997 2585 nobis
1021 2539 1061 2584 ea
1094 2539 1170 2604 pars
1204 2517 1339 2582 militiae

114 2626 248 2692 maxime
275 2646 377 2708 gnara
401 2636 459 2693 est.

201 2732 233 2799 S.
258 2732 300 2797 de
323 2734 391 2798 vita
420 2735 518 2800 beata
542 2736 648 2800 XXVI
674 2738 707 2802 3:
735 2736 818 2801 sieut
846 2738 971 2801 buruni
998 2734 1185 2819 plerumque
1214 2731 1338 2814 inclusi,

115 2844 146 2902 ut
168 2842 274 2920 iuuari
295 2844 513 2926 nunctum-unm,
538 2864 656 2926 segnes
680 2843 821 2908 laborem
846 2842 1062 2910 obsidentium
1086 2847 1244 2925 spectant.

200 3002 237 3067 T.
265 3004 345 3067 Anu.
372 3004 436 3067 XII
460 3006 511 3071 65.
530 3008 563 3069 ἵε
592 3004 639 3070 ita
668 3004 708 3071 de
737 3026 772 3071 se
799 3006 947 3070 meritum
975 3004 1157 3081 Caesarum,
1187 3010 1221 3067 ut
1246 3004 1339 3067 uitcma

114 3106 184 3171 usui
206 3109 279 3173 eius
301 3113 487 3193 Inpeuderet.

202 3215 233 3282 S.
265 3215 306 3280 de
331 3224 432 3301 tranq.
462 3238 513 3283 an.
540 3219 599 3283 VII
622 3225 655 3285 1:
681 3220 852 3285 Hominum
876 3220 987 3301 utique
1008 3217 1147 3283 dilectus
1171 3215 1340 3283 habendus

117 3328 178 3386 eet:
202 3344 244 3389 un
271 3323 360 3408 digni
385 3326 461 3407 siut,
492 3326 608 3409 quibus
631 3337 756 3413 partem
779 3332 858 3393 uitae
887 3336 1017 3391 nostrae
1043 3327 1254 3408 damnationum.
1298 3323 1339 3388 de

116 3427 162 3492 ira
185 3428 199 3494 I
223 3434 253 3497 5.
271 3432 305 3495 2:
331 3431 383 3497 hio
407 3432 464 3517 (so.
489 3433 595 3513 homo)
620 3435 754 3501 aliorum
779 3433 956 3500 commodis
979 3433 1031 3499 vel
1048 3434 1213 3515 inpendere
1231 3454 1264 3495 ee.
1282 3450 1338 3514 pa·

115 3543 202 3602 ratus
227 3544 285 3603 est.

202 3708 235 3765 T.
259 3701 339 3765 Anu.
363 3702 442 3767 XIII
472 3706 516 3768 17.
536 3708 590 3769 14:
617 3704 806 3769 subtrahere
830 3703 933 3769 oouIis
957 3704 1066 3767 (acerba
1082 3706 1211 3785 sunau.

203 3808 235 3872 S.
266 3807 306 3873 de
334 3830 422 3893 prov.
446 3811 474 3875 V
498 3816 531 3877 9:
557 3810 685 3891 „Quare
713 3820 819 3876 tamen
848 3811 928 3876 deus
956 3818 1021 3874 tam
1050 3809 1248 3890 iniquus...
1270 3804 1338 3886 fuit,

118 3919 151 3975 ut
171 3914 264 3980 bouis
289 3917 366 3982 viris
386 3912 677 4002 paupertatem...
700 3926 732 3983 et
754 3920 864 3983 acerba
881 3924 1001 4001 funera
1024 3915 1263 3981 adnumerum
1298 3909 1339 3975 de

118 4017 164 4083 ira
186 4022 234 4085 III
258 4024 310 4089 25.
339 4029 369 4088 l:
394 4024 448 4107 qui
476 4024 559 4090 vidit
586 4028 694 4091 acerba
716 4032 835 4109 sunere
864 4023 960 4089 etiam
991 4042 1031 4088 ex
1058 4020 1150 4104 regia
1178 4018 1262 4084 duoi.
1295 4015 1338 4080 ad

120 4124 212 4194 Maro.
237 4128 278 4195 de
302 4131 421 4196 consol.
447 4130 489 4197 IV
515 4138 547 4198 2:
577 4133 610 4197 in
634 4133 689 4197 illo
713 4136 821 4198 acerbo
845 4140 877 4197 et
900 4129 1016 4195 defleto
1046 4128 1195 4211 gentibus
1212 4130 1337 4207 fatuare.

119 4230 156 4296 ib.
185 4234 229 4299 IX
253 4240 287 4301 2:
317 4245 364 4303 tot
392 4241 501 4305 acerbo
521 4246 650 4323 sunem.
689 4242 730 4306 ib.
754 4239 863 4304 XVIII
887 4242 922 4305 9:
956 4237 1078 4302 nullum
1105 4253 1170 4298 nou
1197 4233 1339 4295 acerbum

113 4344 292 4429 junonem,
316 4346 400 4428 quod
425 4367 543 4432 parens
573 4350 726 4431 sequitur.
761 4346 804 4411 ad
828 4346 941 4430 Polyb.
969 4343 1010 4408 de
1039 4341 1159 4407 consol.
1186 4338 1278 4401 XVII
1301 4342 1338 4402 4:

120 4450 302 4517 ‹aceruusmi
317 4458 443 4537 sunnio
468 4456 618 4521 elevabat
641 4456 737 4523 mala.
771 4455 830 4538 Ep.
855 4456 908 4520 99.
937 4456 989 4517 IS:
1015 4448 1145 4514 nuntius
1168 4447 1269 4509 ‹werbi
1285 4450 1339 4529 fu-

120 4561 207 4626 nent.
235 4561 292 4646 Ep.
319 4566 390 4629 122.
422 4567 476 4629 1οε
506 4565 695 4646 quantulum
719 4562 801 4627 enim
826 4582 846 4623 a
863 4564 978 4643 fatua-e
1006 4558 1122 4621 abeunt
1150 4562 1182 4618 et
1209 4551 1339 4636 quidem

121 4668 231 4732 acerbo.
257 4670 337 4738 conf.
362 4670 405 4736 ad
432 4670 529 4737 Mare.
558 4671 599 4737 de
627 4669 746 4737 eunsol.
771 4668 847 4733 XVI
874 4674 902 4731 1.
938 4666 979 4729 de
1008 4685 1082 4728 rem.
1113 4662 1183 4726 fort.
1207 4659 1287 4724 XIII
1311 4662 1340 4725 2.
