3459 5200
939 334 982 398 40

350 546 507 627 praeut.
552 545 676 627 150‚1:
709 562 763 627 epo
789 561 861 607 vero
887 540 1058 606 mianum
1083 539 1187 606 ouime'
1219 558 1353 625 caperer
1379 542 1408 607 si
1440 546 1563 623 taenea

408 653 606 739 proeuthoc
633 658 687 736 est,
719 652 802 737 quod
827 652 908 717 mitri
935 650 1077 736 etpotri
1102 672 1187 718 unco
1211 656 1305 735 mone
1334 652 1565 738 eusperbrevae

414 766 534 833 litteras
556 766 706 832 detulisti.
729 803 771 815 -
793 768 900 833 Plaut.
922 766 1043 849 Amph.
1068 767 1131 832 374
1152 766 1274 831 Bacch.
1296 767 1360 832 929
1380 768 1468 833 Men.
1491 768 1563 831 376.

415 882 477 946 935
506 880 571 946 Mil.
595 881 638 945 40
660 880 737 947 Ter.
762 878 845 945 Eun.
869 880 928 945 301
964 878 1105 961 (Lorenz
1127 879 1171 946 ad
1193 878 1313 946 Pseud.
1335 879 1411 963 970)
1437 879 1564 945 Fronto

415 994 485 1073 20‚1
511 992 562 1077 i)-

439 1123 596 1189 Extremo
620 1122 693 1187 loco
715 1120 843 1186 verba
865 1120 1003 1185 colloco.

351 1237 569 1302 blaterare.
614 1233 752 1313 nanu:
785 1248 944 1314 paucaque
970 1230 1056 1297 enon
1078 1232 1204 1299 dandae
1228 1253 1265 1299 oc
1286 1232 1461 1299 reddendae
1480 1232 1565 1299 eulu-

416 1345 546 1412 tntionis
566 1343 658 1411 verbo
679 1342 922 1411 cumanum?
954 1380 997 1391 -
1028 1346 1168 1411 Rbnscb
1189 1347 1252 1412 237
1282 1351 1457 1413 enumerat
1478 1348 1567 1412 iuter

416 1460 640 1537 archaismos;
658 1458 717 1525 sed
733 1477 950 1542 quaecunque
964 1456 1011 1523 ibi
1027 1458 1124 1523 affert
1135 1459 1296 1541 exempla,
1312 1460 1461 1542 vulgaria
1476 1463 1566 1525 sunt.

416 1573 580 1639 Universa
601 1572 664 1638 viri
687 1572 776 1637 docti
800 1571 925 1655 opinio,
949 1590 1049 1654 quam
1072 1571 1209 1654 exponit
1230 1592 1264 1655 p.
1285 1572 1349 1637 236
1371 1573 1459 1651 adn..
1482 1572 1567 1639 falsa

419 1690 483 1752 est:
518 1705 607 1751 enno
634 1685 693 1749 146
716 1706 745 1749 a.
770 1684 847 1751 Chr.
871 1702 905 1749 n.
928 1687 1018 1749 certe
1039 1683 1144 1749 multo
1166 1682 1342 1766 pauciores
1363 1684 1508 1751 Romani
1530 1684 1567 1749 iu

417 1797 564 1864 Africam
587 1801 751 1865 venerunt
772 1817 872 1881 quam
895 1797 1149 1881 insequentibus
1172 1798 1389 1881 temporibus.

353 1915 527 1994 captare.
571 1912 611 1975 III
634 1910 721 1989 863:
758 1912 788 1973 et
808 1907 876 1973 ideo
892 1906 968 1992 pius
986 1906 1100 1994 paudii
1120 1928 1216 1990 quom
1235 1907 1384 1975 miraculi
1405 1913 1501 1992 copto.
1524 1946 1567 1956 -—

418 2022 559 2087 Schulze
584 2023 660 2088 187:
694 2042 791 2102 „curn
816 2022 955 2087 verbum
981 2026 1060 2105 post
1087 2022 1290 2089 comicorum
1322 2026 1467 2089 aetatem
1497 2042 1567 2089 nou

416 2154 478 2218 pro
501 2136 603 2200 verbo
625 2135 793 2218 primitivo
816 2136 964 2219 positum
987 2154 1063 2201 esse
1085 2136 1236 2201 videatur
1260 2184 1267 2199 .
1291 2184 1299 2201 .
1323 2183 1342 2218 .,
1365 2135 1399 2200 S.
1423 2135 1567 2201 fortasse

417 2246 507 2311 bunc
523 2247 615 2312 verbi
632 2267 730 2313 usum
745 2268 785 2312 ex
802 2248 1006 2312 comicorum
1022 2248 1164 2313 lectione
1180 2246 1343 2331 repetivit,
1364 2248 1565 2330 praesertim

418 2377 494 2423 cum
521 2357 595 2423 aliis
623 2358 706 2425 loeis
729 2359 998 2443 Symmachianis
1020 2362 1122 2425 verbo
1145 2359 1195 2462 vis
1226 2360 1391 2444 quaedam
1414 2360 1568 2427 conativa

418 2469 499 2536 insit
521 2471 576 2552 (cf.
598 2470 625 2534 Π
648 2471 720 2549 353
741 2470 783 2534 III
805 2472 846 2535 34
869 2471 938 2536 VIII
959 2472 1047 2554 43)“.
1091 2470 1186 2537 Adde
1207 2472 1276 2537 VIII
1297 2473 1341 2537 44)
1363 2491 1412 2538 or.
1434 2472 1448 2536 I
1470 2472 1499 2538 8.

355 2584 510 2650 defieri.
555 2585 652 2651 v89:
670 2582 855 2668 deumne
876 2582 962 2649 enim
982 2582 1139 2650 sommi
1160 2582 1284 2670 arpinis
1297 2581 1371 2666 defit
1385 2582 1509 2651 occasio.
1526 2619 1568 2632 -

419 2697 525 2763 Plaut.
549 2698 626 2763 Ter.
650 2697 748 2781 Prop.
771 2698 866 2780 Verg.
891 2697 973 2764 vitr.
997 2698 1076 2763 Sen.
1100 2697 1181 2764 Gell.
1204 2699 1359 2781 (Sebulze
1381 2698 1471 2783 209).

357 2809 623 2893 emancipare.
667 2808 760 2873 118:
794 2811 895 2873 totam
921 2828 980 2888 me,
1012 2807 1147 2890 inquens,
1179 2808 1388 2893 erumpunt
1411 2807 1471 2875 eibi
1491 2829 1572 2874 ctera

414 2919 578 3004 praetorii.
602 2957 641 2969 —
665 2920 770 2987 Plaut.
794 2920 915 2986 Bacch.
938 2921 979 2986 92
1003 2942 1066 3005 sq.:
1103 2919 1160 2986 tui
1181 2943 1229 2987 me
1250 2941 1437 3007 erumpo·
1465 2922 1471 3008 Ι
1500 2926 1571 2988 tuos

420 3053 500 3113 acm,
523 3031 580 3098 tibi
600 3031 676 3097 dedo
701 3052 835 3116 opernm.
1413 3031 1418 3040 '

360 3165 570 3230 exaugere.
614 3146 706 3211 lar:
735 3143 833 3229 optati
854 3143 1007 3210 samonis
1029 3143 1079 3210 toi
1097 3143 1241 3227 fraretum
1253 3144 1404 3228 feramus,
1426 3145 1570 3230 quioni-

422 3278 510 3323 mnm
530 3255 610 3322 mihi
631 3261 793 3344 anement.
810 3294 849 3306 -
873 3259 978 3324 Plaut.
995 3257 1080 3323 Eun.
1097 3258 1173 3325 Ter.
1189 3259 1284 3325 Lucr.
1305 3259 1404 3324 Rhet.
1426 3259 1471 3326 ad
1492 3259 1570 3328 Her.

423 3370 563 3436 Eucher.
586 3370 741 3453 (Schulze
763 3370 848 3454 211).

362 3482 589 3566 exculpere.
632 3482 646 3547 I
674 3484 763 3562 34‚1:
795 3481 862 3548 aiei
888 3480 1044 3566 increpare
1064 3504 1162 3568 perpe
1188 3487 1281 3566 utque
1307 3482 1469 3569 accepere
1495 3504 1516 3551 o
1542 3489 1573 3549 te

423 3593 545 3676 clipeod
566 3593 753 3660 litterarum.
798 3597 981 3675 re1.34‚11:
1008 3593 1165 3678 reliqum
1177 3616 1249 3661 vero
1265 3647 1272 3662 .
1290 3645 1322 3662 ..
1344 3596 1574 3681 cundpendom

425 3705 462 3771 ob
484 3703 817 3771 manutenuerint.
863 3707 920 3772 rel.
945 3709 1052 3785 34,13;
1080 3707 1162 3790 quod
1183 3707 1221 3772 de
1241 3711 1286 3773 tot
1304 3708 1477 3792 pruneriis
1498 3762 1507 3776 .
1530 3761 1538 3776 .
1563 3761 1572 3777 .

426 3816 530 3883 aeneo
551 3815 691 3900 difficilis
718 3819 860 3902 ecndput
886 3819 1047 3906 ernnust)
1073 3857 1116 3870 -
1138 3822 1243 3889 Plaut.
1268 3824 1347 3889 cist.
1370 3824 1396 3888 Η
1418 3825 1485 3903 QG:
1516 3823 1575 3888 oia

426 3929 566 4013 arnapa
586 3934 624 3995 ut
645 3929 767 3997 diceet.
805 3933 883 3999 Ter.
900 3934 983 3999 Eun.
997 3935 1058 3999 712
1074 3954 1137 4017 sq.:
1160 3954 1330 4017 pneuma
1350 3955 1404 4019 epo
1424 3934 1514 4002 hodie
1534 3957 1575 4000 eae

429 4041 641 4125 teecnripere
664 4041 670 4130 I
693 4042 825 4109 omum?
868 4045 969 4111 Lucil.
985 4047 1046 4112 117
1069 4048 1183 4113 Ambr.
1217 4045 1426 4132 Quamquam
1448 4049 1574 4115 codicis

430 4156 658 4222 Theodosiani
681 4157 773 4234 locis,
797 4177 881 4239 quos
896 4158 993 4223 affert
1012 4158 1154 4224 Dirksen
1169 4159 1218 4241 (in
1233 4160 1378 4225 Manuali
1400 4161 1574 4228 IatInitatis

429 4269 570 4335 fontium
594 4269 674 4334 iuris
698 4269 758 4334 civ.
780 4269 878 4334 Rom.
900 4291 927 4335 s.
941 4271 996 4353 u),
1020 4269 1166 4354 suspicio
1188 4275 1340 4337 moretur
1362 4293 1402 4338 ex
1423 4272 1576 4340 ICtorum

431 4401 587 4447 sermone
609 4380 805 4447 vocabulum
828 4384 1005 4467 repetitum
1028 4404 1113 4450 esse.

456 4621 476 4692 ¹)
494 4625 530 4678 IX
544 4625 619 4690 1463
635 4622 782 4693 eruperat
799 4625 868 4680 coni.
882 4624 978 4695 Seeck,
995 4625 1141 4680 weludcret
1150 4625 1202 4697 (II),
1218 4629 1350 4682 mora
1358 4625 1405 4697 (Γ).
1432 4627 1578 4686 Edendum

369 4710 476 4768 videtur
492 4709 629 4768 excuderet
645 4711 679 4766 cl.
697 4711 723 4765 11
740 4711 774 4764 74
791 4709 846 4782 (hic
864 4729 976 4784 quoque
993 4711 1099 4769 &clude
1115 4713 1170 4787 ΓΦ)
1188 4715 1225 4769 III
1244 4715 1311 4780 121.
