3459 5200
967 523 989 589 l

876 613 1076 622 ———

345 735 388 801 H
484 733 556 798 cod.
569 730 610 795 H
615 730 861 796 :Harleianus
874 730 958 795 5618
970 730 1076 795 musei
1090 728 1293 807 Britannici;
1307 730 1555 795 cl.Hoerschel·

399 855 503 901 mann
523 836 611 900 MRh
631 855 663 918 p.
687 835 760 899 278.

345 934 384 998 N
482 939 555 1004 cod.
579 936 618 1001 N
636 967 675 992 =
698 938 940 1003 Norlolciensis
962 937 1043 1002 bibl.
1067 957 1134 1019 reg.
1159 956 1226 1002 soc.
1249 936 1391 1002 Londin.

334 1037 380 1101 Fl
476 1038 529 1104 Fl.
563 1071 603 1097 =
637 1042 739 1106 editio
773 1042 930 1124 princeps
969 1060 1053 1123 quae
1086 1040 1275 1106 Florentiae
1315 1062 1343 1107 a.
1376 1039 1461 1107 *1526
1493 1060 1554 1121 per

393 1144 536 1211 heredes
558 1144 704 1226 Philippi
726 1146 847 1209 luntae
872 1143 998 1226 publici
1021 1143 1101 1208 iuris
1126 1143 1213 1208 facta
1236 1147 1296 1208 est.
1533 1220 1537 1229 .

478 1247 654 1326 Quaeritur
688 1268 772 1330 quae
804 1248 894 1311 inter
922 1248 984 1311 has
1019 1248 1145 1311 classes
1180 1247 1395 1329 singulosque
1419 1245 1552 1311 codices

393 1352 478 1415 ratio
501 1352 701 1428 intercedat3
724 1371 825 1434 quam
849 1350 1082 1433 quaestionem
1106 1350 1198 1415 omni
1222 1353 1379 1433 exparte
1403 1348 1552 1412 nondum

392 1475 531 1538 possum
542 1455 727 1519 absolvere.
772 1453 877 1518 Unius
895 1453 985 1518 enim
1002 1453 1127 1517 codicis
1143 1455 1172 1517 A
1194 1457 1349 1517 accurata
1373 1452 1551 1517 collatione

394 1558 441 1623 uti
456 1558 539 1622 mihi
555 1558 642 1636 licet,
665 1558 787 1640 quippe
803 1557 896 1622 cuius
920 1556 1045 1621 codicis
1061 1556 1223 1621 lectiones
1244 1557 1287 1621 ab
1304 1558 1376 1638 ipso
1393 1574 1551 1619 excussas

395 1660 645 1726 Studemundus
657 1660 899 1743 benignissime
911 1679 1041 1724 mecum
1055 1660 1357 1724 communicaverit.
1396 1658 1551 1722 Ceterum

394 1764 422 1828 si
451 1766 631 1829 recesseris
660 1765 702 1828 ab
733 1763 880 1828 editione
910 1764 1134 1843 Turnebiana,
1158 1784 1257 1847 quam
1281 1763 1438 1828 Berolino
1461 1761 1549 1825 hanc

395 1870 428 1932 in
456 1870 574 1933 urbem
601 1868 740 1932 missam
769 1867 911 1950 inspexi,
936 1867 970 1931 in
1001 1867 1105 1950 ipsius
1135 1867 1312 1931 enchiridii
1339 1866 1450 1929 verbis
1475 1864 1547 1927 solo

393 1971 574 2035 Gaisfordii
613 1975 775 2055 apparatu
815 1970 914 2035 nitor.
969 1971 1017 2034 Ac
1045 1970 1189 2051 primum
1220 1971 1354 2053 quidem
1383 1989 1444 2051 pro
1476 1968 1551 2031 fun·

392 2073 549 2138 damento
578 2073 786 2138 recensionis
816 2072 960 2154 sumpsit
986 2072 1194 2137 Gaisfordius
1219 2074 1361 2137 classem
1385 2072 1420 2150 Y,
1451 2091 1549 2154 quam

393 2176 542 2240 omnium
555 2196 630 2240 esse
646 2176 860 2240 deterrimam
876 2179 909 2239 et
924 2175 1152 2256 Wcslphalius
1175 2180 1207 2239 et
1221 2175 1549 2240 Hoerschelmannus

389 2284 633 2363 perspexerunt
655 2283 688 2343 et
710 2300 750 2343 ex
773 2280 821 2343 eis
845 2298 929 2362 quae
953 2278 1040 2344 inira
1061 2278 1220 2344 allaturus
1244 2300 1317 2343 sum
1341 2278 1441 2343 etiam
1466 2278 1549 2342 dilu-

390 2382 496 2448 cidius
525 2382 707 2465 apparebit.
753 2383 839 2447 Turn
863 2382 1070 2462 collationes
1094 2402 1177 2465 quae
1201 2383 1247 2446 illi
1275 2385 1410 2465 praesto
1440 2384 1546 2459 erant,

392 2507 461 2551 non
483 2487 587 2550 fuisse
622 2506 661 2549 ea
684 2505 748 2568 qua
771 2505 855 2567 opus
879 2489 930 2549 est
957 2485 1128 2567 diligentia
1156 2486 1341 2568 descriptas
1376 2490 1409 2549 et
1442 2485 1549 2567 quivis

390 2589 486 2654 facile
502 2587 664 2670 intellegit
684 2591 716 2652 et
737 2609 778 2652 ex
799 2591 893 2670 parte
916 2588 1246 2654 Hocrschelmannus
1270 2589 1353 2671 ipsis
1377 2587 1548 2654 codicibus

390 2695 549 2776 inspectis
582 2691 767 2756 affirmavit.
812 2692 925 2775 Neque
959 2713 1040 2757 usus
1076 2698 1128 2757 est
1157 2693 1364 2757 Gaisfordius
1394 2692 1434 2755 iis
1458 2691 1550 2755 codi-

390 2796 484 2860 cibus
506 2797 560 2860 via
582 2815 621 2860 ac
644 2796 774 2860 ratione
789 2816 849 2877 per
864 2799 971 2860 totum
988 2797 1218 2874 enchiridium,
1243 2797 1302 2860 sed
1317 2797 1444 2877 passim
1460 2796 1548 2859 hunc

391 2899 482 2962 illum
505 2899 551 2962 ita
572 2898 754 2979 usurpavit,
776 2901 813 2962 ut
835 2899 949 2964 multis
973 2899 1054 2962 locis
1079 2899 1120 2963 de
1142 2899 1381 2963 nonnullorum
1396 2897 1548 2962 codicum

390 3001 551 3066 memoria
573 3021 712 3083 prorsus
735 3001 854 3066 incerti
879 3001 1149 3084 derelinquamur
1172 3001 1322 3083 nihilque
1342 3021 1488 3083 unquam
1505 3000 1547 3064 de

387 3105 498 3187 aliquo
533 3104 647 3168 codice
681 3102 758 3168 inde
788 3104 944 3184 colligere
973 3103 1082 3182 liceat,
1112 3105 1202 3188 quod
1226 3103 1434 3173 Gaisfordius
1457 3105 1545 3168 illius

389 3207 648 3288 discrepantiam
682 3206 808 3270 nullam
841 3207 1024 3272 adnotavit.
1078 3209 1168 3272 Haec
1203 3229 1277 3272 cum
1312 3209 1355 3272 sit
1389 3207 1546 3273 editionis

387 3309 639 3374 Gaisfordianae
663 3308 816 3372 condicio
840 3329 981 3392 cumque
1010 3329 1087 3391 spes
1111 3311 1154 3373 sit
1183 3311 1254 3374 lore
1281 3315 1317 3374 ut
1340 3310 1542 3374 Hocrschel·

389 3432 533 3477 mannus
563 3411 758 3494 propediem
787 3418 941 3478 accurate
970 3417 1003 3478 et
1029 3413 1128 3495 plene
1158 3432 1220 3476 nos
1244 3413 1284 3475 de
1308 3413 1463 3477 omnibus
1487 3432 1545 3476 en·

388 3516 520 3580 chiridii
550 3515 722 3579 codicibus
752 3515 900 3593 edoceat,
931 3536 970 3579 ea
999 3521 1128 3580 tantum
1152 3516 1193 3579 de
1216 3515 1387 3580 codicibus
1411 3536 1544 3595 monac,

387 3639 471 3703 quae
505 3619 695 3683 necessaria
724 3622 802 3682 sunt
835 3619 877 3683 ad
907 3619 981 3683 illas
1011 3620 1158 3684 rationes
1189 3619 1428 3698 defendendas,
1462 3639 1544 3702 quas

384 3723 473 3788 infra
494 3723 530 3786 in
553 3721 804 3787 commentariis
829 3723 968 3788 edendis
993 3728 1125 3788 secutus
1151 3744 1233 3788 sum.

470 3825 613 3890 Codices
641 3826 685 3890 ad
712 3846 816 3890 unum
844 3847 962 3892 omnes
986 3827 1148 3908 originem
1172 3827 1338 3892 duxerunt
1364 3846 1404 3890 ex
1427 3827 1544 3890 arche-

385 3932 463 4012 typo
480 3930 624 4012 quodam
640 3929 741 3993 hodie
764 3929 949 4013 deperdito,
973 3931 1029 4012 qui
1045 3932 1116 4012 ipse
1133 3951 1201 3995 non
1218 3931 1324 3995 solum
1348 3930 1414 3994 iam
1430 3929 1543 3996 mullis

386 4033 469 4097 locis
491 4032 594 4096 verba
616 4032 812 4114 gravissime
836 4037 992 4115 corrupta
1007 4034 1199 4115 praebebat,
1222 4053 1335 4098 verum
1360 4037 1392 4097 et
1414 4034 1543 4098 lacunis

384 4137 561 4201 laborabat
582 4140 615 4199 et
638 4136 898 4218 Byzantinorum
921 4135 1158 4201 additamentis
1182 4137 1375 4220 inquinatus
1399 4141 1480 4215 erat,
1509 4137 1541 4199 id

385 4239 475 4322 quod
503 4237 795 4321 grammaticorum
824 4239 875 4302 vel
904 4239 1119 4304 metricorum
1148 4240 1241 4320 libri,
1271 4241 1348 4305 dum
1378 4238 1541 4322 frequenti

384 4362 447 4406 usu
481 4343 514 4406 in
549 4342 674 4406 scholis
709 4342 878 4406 inferioris
914 4343 1034 4407 aetatis
1068 4348 1270 4423 tractantur,
1310 4347 1439 4407 tantum
1472 4361 1541 4405 non

384 4466 501 4510 omnes
523 4444 616 4526 passi
640 4448 727 4508 sunt.
773 4445 870 4508 Velut
892 4445 1011 4508 lacuna
1035 4445 1105 4510 hiat
1134 4452 1167 4510 et
1192 4467 1265 4528 pag.
1288 4447 1314 4509 V
1339 4447 1376 4509 17
1407 4445 1448 4508 de
1476 4463 1540 4525 quo

382 4550 457 4613 loco
486 4548 573 4612 inira
601 4547 751 4628 pluribus
780 4546 1014 4628 disputabitur,
1045 4554 1130 4631 etp.
1154 4552 1204 4628 920,
1233 4551 1252 4614 1
1275 4551 1310 4613 G.
1335 4549 1399 4630 (11,
1423 4549 1441 4610 b
1465 4548 1540 4629 W.),
