3459 5200
1003 545 1044 614 51

441 762 557 844 pruscie
582 760 830 844 ουστηματικοῖς,
860 755 908 822 sio
934 777 975 822 eo
1002 760 1043 824 de
1069 779 1135 841 quo
1168 754 1277 841 agitur
1302 754 1379 823 loco
1402 755 1541 842 scriptor
1559 772 1588 823 se

440 882 536 926 suam
559 862 664 943 ipsius
687 861 882 944 opinionem
904 862 1029 926 referre
1050 862 1175 927 diserte
1197 862 1382 945 profitetur.

525 966 616 1030 Haec
645 968 723 1029 suut
752 964 952 1046 gravissima
980 985 1064 1049 quae
1093 967 1136 1030 ab
1172 969 1370 1047 excerptore
1397 970 1524 1031 mutata
1547 965 1589 1028 rel

439 1069 553 1134 addita
568 1089 643 1134 esse
659 1087 792 1134 censeo.
831 1068 870 1132 ln
886 1068 1116 1134 commentarii
1133 1068 1282 1133 editione
1303 1089 1343 1134 ea
1357 1072 1489 1132 tautum
1503 1068 1589 1132 rerba

439 1175 538 1255 atque
572 1173 744 1237 enuntiata
776 1170 896 1236 litteris
931 1172 1120 1237 minoribus
1154 1173 1325 1237 exaranda
1358 1172 1484 1251 curavi,
1519 1190 1590 1254 qnae

439 1275 546 1357 ipsam
570 1275 772 1340 sententiam
795 1279 990 1356 pervertens
1013 1275 1152 1339 addidit.
1197 1275 1355 1340 Minutias
1385 1295 1468 1358 quas
1491 1276 1528 1339 in
1546 1293 1590 1355 ge

439 1397 519 1443 nere
548 1378 680 1442 dicendi
709 1377 849 1442 mutavit
877 1377 911 1441 in
941 1378 1015 1460 ipsa
1043 1378 1191 1443 editione
1213 1379 1300 1461 typis
1323 1378 1513 1460 exprimere
1533 1397 1590 1442 nou

438 1500 479 1545 ex
501 1501 538 1546 re
560 1482 744 1546 videbatur.

511 1585 589 1648 'Pro
613 1585 712 1649 unico
736 1585 830 1648 fonte
852 1603 934 1648 usus
957 1603 1034 1648 esse
1055 1583 1188 1648 ridetur
1210 1589 1387 1667 excerptor
1409 1584 1524 1649 libello
1544 1584 1591 1647 illo

412 1688 719 1769 Hephaestioueo,
743 1706 842 1769 quem
865 1686 1122 1752 Choerohoscus
1145 1676 1396 1752 dommemorat.
1439 1688 1518 1769 Ipsa
1535 1686 1593 1751 lle-

436 1789 647 1871 phaestiouis
674 1789 777 1853 verba
811 1789 845 1854 in
874 1789 1069 1854 uuiversum
1102 1809 1172 1854 non
1201 1809 1298 1855 secus
1326 1791 1483 1855 insnum
1505 1807 1593 1854 usum

437 1893 572 1958 dellexit
587 1897 686 1975 atque
703 1892 972 1971 Choeroboscus,
989 1891 1045 1975 qui
1061 1892 1163 1958 etiarn
1178 1892 1213 1956 in
1234 1893 1401 1960 lemmatis
1424 1897 1461 1956 ut
1483 1893 1532 1957 ita
1552 1890 1594 1954 di-

436 2015 509 2061 cam
532 2015 617 2079 quae
639 2016 681 2060 ex
705 1995 892 2060 enchiridio
917 1995 1103 2076 desumpsit
1131 1997 1278 2062 auctoris
1302 1997 1403 2062 verba
1424 1996 1594 2060 immutare
1676 2064 1677 2067 Ἴ

435 2118 505 2164 non
533 2099 720 2164 haesitavit.
771 2098 877 2176 Quale
905 2098 1004 2162 fuerit
1032 2099 1239 2179 excerptoris
1272 2100 1444 2182 ingenium
1478 2119 1521 2163 ex
1552 2096 1594 2161 eis

435 2222 519 2285 quae
542 2202 682 2267 mutavit
704 2202 830 2284 optime
852 2205 1002 2284 apparet.
1047 2201 1215 2279 Quoniam
1239 2202 1392 2267 codicum
1407 2206 1594 2266 nostrorum
1676 2194 1677 2281 ζ

434 2305 632 2388 archetypus
662 2305 783 2370 litteris
814 2305 1008 2370 maiusculis
1032 2309 1186 2370 exaratus
1210 2311 1292 2385 erat,
1321 2311 1448 2371 certum
1471 2309 1526 2370 est
1546 2323 1597 2368 cr·
1676 2288 1677 2305 ¹

436 2414 623 2492 cerptorem
652 2429 720 2474 non
749 2427 824 2474 esse
854 2408 1077 2474 recentiorem
1106 2427 1197 2473 nouo
1225 2410 1278 2474 vel
1301 2409 1431 2474 decimo
1455 2408 1596 2474 saeculo.
1676 2472 1677 2475 ,

433 2512 651 2577 Accusatiora
678 2511 829 2594 proferre
857 2531 928 2576 nou
956 2512 1044 2589 licet,
1073 2512 1224 2594 quamvis
1255 2531 1330 2578 eum
1360 2511 1597 2577 Choerohosco

434 2620 542 2682 aetate
566 2636 744 2698 supparem
769 2615 873 2681 fuisse
895 2615 993 2681 facile
1016 2616 1211 2681 conieceris.

983 2856 1053 2941 §a

710 2996 753 3063 De
774 2997 922 3063 notarum
943 2995 1145 3063 metricorum
1165 2994 1320 3061 doctrina.

518 3133 566 3197 De
594 3133 712 3199 ultimo
743 3133 976 3198 commentarii
1000 3133 1028 3197 ll
1055 3133 1174 3215 capite,
1208 3132 1299 3215 quod
1332 3132 1423 3197 notis
1450 3132 1600 3200 metricis

432 3239 593 3303 tributum
618 3242 679 3316 est,
703 3236 816 3303 dedita
839 3256 942 3319 opera
963 3236 1124 3301 disseruit
1146 3238 1238 3301 solus
1261 3237 1421 3301 Osannus
1449 3237 1485 3301 iu
1509 3257 1601 3301 com·

433 3341 608 3407 montariis
646 3340 822 3405 Anecdoto
862 3340 1018 3405 Romano
1057 3339 1198 3405 adnexis
1237 3340 1377 3423 (Anecd.
1415 3340 1515 3405 Rom.
1551 3342 1600 3405 ed.

431 3447 466 3510 F.
510 3446 644 3523 Osann,
689 3444 806 3508 Gissae
855 3444 954 3522 1851,
1000 3464 1033 3525 p.
1068 3444 1244 3525 57—65),
1287 3444 1450 3509 nonnulla
1489 3444 1604 3509 attulit

432 3550 663 3615 'l'hiemannus
693 3548 727 3612 in
760 3547 934 3612 Heliodori
966 3547 1181 3613 colometriae
1213 3548 1483 3630 Aristophaneus
1523 3548 1600 3613 reli·

432 3654 518 3736 quiis
547 3652 653 3735 (Halis
680 3652 774 3733 1869)
796 3671 828 3733 p.
856 3652 897 3714 95
921 3671 1004 3733 sqq,
1027 3651 1123 3733 plura
1143 3650 1291 3715 Hensius
1313 3651 1332 3713 l.
1349 3670 1376 3713 c.
1405 3670 1437 3732 p.
1461 3651 1604 3725 35-71,

432 3776 506 3821 curn
524 3755 762 3820 Heliodoream
784 3754 825 3819 de
848 3755 937 3819 notis
957 3754 1146 3819 doctrinam
1158 3754 1374 3835 explicarent,
1390 3754 1456 3818 alia
1469 3755 1603 3836 passim

433 3859 731 3943 suppeditaverunt
757 3859 1004 3939 Westphalius,
1035 3857 1203 3923 Christius
1230 3857 1298 3923 alii.
1346 3858 1491 3922 Restant
1519 3878 1605 3922 vero

431 3984 515 4046 quae
538 3968 595 4029 aut
616 3982 736 4044 parum
759 3966 914 4026 accurate
936 3967 994 4027 aut
1014 3981 1133 4043 parurn
1157 3965 1248 4025 recte
1271 3961 1438 4027 illustrata
1460 3961 1541 4026 sint.

514 4066 630 4149 Lyrica
653 4065 803 4130 carmina
826 4066 993 4148 duplicem
1015 4065 1050 4129 in
1073 4064 1211 4129 modum
1234 4063 1394 4129 distincta
1416 4084 1490 4129 esse
1516 4084 1606 4147 pos·

430 4180 515 4235 sunt.
560 4170 626 4234 Aut
653 4170 899 4251 monostropha
921 4173 1010 4247 sunt,
1039 4188 1115 4234 cum
1137 4167 1216 4232 inde
1239 4168 1281 4232 ab
1305 4167 1403 4231 initio
1425 4186 1533 4250 usque
1558 4169 1605 4233 ad

429 4275 528 4340 finem
550 4292 648 4355 pares
673 4274 831 4355 strophae
856 4292 931 4337 sese
955 4273 1213 4356 subsequantur,
1236 4275 1293 4335 aut
1314 4267 1398 4334 κατὰ
1413 4268 1606 4354 repertore-riv,

430 4398 505 4443 curn
521 4378 671 4459 singulae
688 4376 846 4458 strophae
861 4381 962 4459 atque
977 4376 1209 4458 antistrophae
1225 4375 1366 4457 singulis
1387 4374 1607 4457 excipiantur

431 4482 558 4564 epodis.
603 4480 783 4563 Utriusque
808 4480 995 4545 carminum
1017 4480 1150 4562 generis
1173 4478 1353 4561 peculiaris
1382 4482 1433 4542 est
1456 4479 1607 4545 notatio.

430 4586 466 4648 ln
490 4584 744 4665 monostrophis
768 4582 908 4664 singulis
932 4582 1081 4665 strophis
1103 4580 1312 4646 subiciuntur
1327 4580 1477 4663 singulae
1497 4600 1608 4665 para·
