3459 5200
489 1321 582 1426 cap.
608 1321 665 1402 n.
724 1321 778 1404 ne
805 1319 1001 1402 Aristidis
1028 1316 1277 1422 ountniui
1300 1315 1501 1398 ioanni.

496 1499 540 1561 Ut
561 1497 766 1580 Hephaestio
789 1497 943 1560 ultimum
973 1493 1147 1559 enchiridii
1177 1497 1276 1574 caput
1306 1492 1480 1556 doctrinae
1509 1492 1582 1574 scapi

412 1597 584 1685 ποιήματος
606 1601 732 1678 tribuit,
756 1601 802 1664 ita
823 1599 990 1664 Aristides
1011 1599 1064 1662 vel
1086 1597 1198 1680 potius
1222 1597 1262 1674 ia,
1286 1617 1328 1660 ex
1354 1616 1420 1678 quo
1449 1595 1506 1678 τῆς
1527 1615 1582 1679 με·

411 1702 519 1786 τρικής
545 1703 794 1768 enarrationem
820 1702 968 1777 deduxit,
992 1721 1067 1765 cuin
1090 1721 1167 1765 eum
1194 1703 1389 1783 sequeretur
1415 1699 1583 1776 ordinem,

411 1810 449 1872 ut
472 1807 515 1870 ab
539 1807 713 1871 elementis
736 1806 907 1889 profectus
930 1807 972 1870 ad
994 1805 1034 1868 τὰ
1055 1803 1093 1868 ἐκ
1109 1801 1224 1868 τούτων
1238 1799 1441 1887 συνιστάμενα
1462 1821 1584 1868 ascen·

413 1910 507 1974 deret
530 1913 563 1973 et
586 1910 634 1974 sic
658 1910 817 1993 deinceps
840 1909 1107 1992 progrederetur,
1128 1908 1282 1972 ultimam
1310 1907 1393 1971 artis
1421 1907 1585 1971 metricae

411 2018 544 2094 partem
574 2033 649 2078 esse
681 2013 787 2078 voluit
820 2013 1010 2078 doctrinam
1042 2013 1113 2094 περὶ
1146 2006 1318 2094 ποιήματος
1350 2006 1428 2093 πρὸς
1461 2008 1588 2087 ἔνδειξιν

413 2122 467 2192 τοῦ
490 2121 610 2179 σκοποῦ
632 2122 687 2200 τῆς
710 2115 856 2202 μετρικῆς
878 2117 923 2198 (p.
946 2117 997 2193 28,
1020 2117 1085 2198 AO).
1127 2114 1336 2198 Disponendi
1359 2113 1459 2195 igitur
1481 2113 1588 2178 ratio-

414 2239 491 2284 nem
520 2221 562 2284 ab
588 2220 854 2304 Hephaestione,
890 2239 966 2284 cnm
1003 2240 1023 2283 a
1053 2220 1153 2284 certis
1183 2218 1386 2300 syllabarum
1415 2218 1588 2281 mensuris

416 2323 547 2388 initium
572 2328 706 2406 caperet
728 2323 782 2405 (cl.
808 2323 975 2388 Choerob.
1003 2344 1035 2405 p.
1059 2323 1111 2401 37,
1142 2323 1301 2405 12-17),
1330 2321 1502 2403 aliquanto
1526 2320 1589 2385 ob·

415 2431 583 2492 scuratam
604 2427 658 2491 hic
682 2428 846 2509 integram
868 2448 889 2492 a
909 2427 1076 2510 principio
1099 2447 1205 2510 usqne
1234 2426 1277 2490 ad
1305 2425 1407 2490 linem
1430 2425 1589 2490 servarit.

413 2531 521 2613 Atque
550 2529 639 2594 idem
662 2550 737 2594 cum
765 2530 889 2595 diserte
918 2530 1095 2614 explicare,
1120 2549 1178 2594 cur
1200 2533 1381 2613 praecepta
1402 2529 1473 2613 περὶ
1494 2525 1590 2611 ποιή-

416 2654 511 2719 ματος
540 2638 743 2713 assumeret,
773 2652 842 2697 non
871 2652 1157 2716 supervacaneum
1185 2653 1262 2697 esse
1291 2635 1461 2709 censeret,
1494 2632 1592 2696 haud

417 2738 486 2801 seio
510 2756 553 2801 an
577 2737 720 2819 cuipiam
743 2756 813 2801 non
836 2736 911 2801 sine
932 2734 1180 2818 probabilitatis
1204 2736 1315 2819 specie
1342 2735 1496 2799 rideatur
1524 2734 1592 2799 bas

418 2841 563 2923 quinque
585 2840 641 2923 τῆς
664 2845 810 2924 μετρικῆς
831 2846 945 2922 partes
968 2840 1020 2903 vel
1042 2839 1170 2921 primus
1193 2840 1244 2903 rel
1268 2839 1389 2902 saltem
1412 2837 1591 2919 inprimis

417 2942 641 3008 constituisse.
650 2943 673 3027 1)
724 2944 846 3007 Verum
880 2962 922 3007 ne
957 2944 991 3007 in
1024 2942 1223 3007 temeritatis
1261 2942 1390 3005 crimen
1426 2940 1591 3018 incidam,

417 3047 479 3110 hac
502 3046 660 3128 opinione
685 3047 869 3130 significata
891 3046 935 3111 ad
956 3046 1030 3129 ipsa
1053 3046 1124 3111 eius
1146 3050 1327 3128 praecepta
1347 3043 1591 3128 perlustranda

417 3150 601 3231 aggrediar.
645 3150 814 3231 Leguntur
836 3170 868 3233 p.
892 3150 943 3228 37,
966 3150 1074 3213 6-10
1095 3149 1193 3214 haec:

502 3253 574 3335 §i
624 3250 669 3315 Τὸ
704 3249 734 3315 δ’
767 3253 805 3315 ἐκ
838 3259 898 3317 τῶν
931 3250 1049 3337 μέτρων
1082 3250 1232 3335 εὐπρεπὲς
1265 3248 1408 3336 σύστημα
1444 3251 1593 3315 καλεῖται

416 3354 546 3441 ποίημα.

502 3459 520 3541 ἕ
541 3460 571 3523 h.
616 3456 741 3523 Τούτων
765 3459 800 3522 δὲ
821 3458 860 3521 τοὶ
883 3458 938 3543 μὲν
959 3458 1075 3537 γίνεται
1094 3457 1178 3523 κατὰ
1192 3458 1306 3543 στίχον,
1328 3456 1371 3535 ιύς
1385 3456 1425 3522 τὰ
1436 3454 1595 3543 Ὁμήρου,

418 3560 457 3625 τὰ
480 3562 515 3624 δὲ
538 3557 653 3625 ἐκδύο
677 3560 804 3646 μέτριον,
828 3558 929 3638 ιύςτοὶ
952 3560 1085 3646 ἐλεγεῖα,
1114 3558 1154 3625 τοὶ
1177 3561 1212 3623 δὲ
1242 3560 1280 3624 ἐκ
1306 3566 1411 3644 τριῶν,
1445 3558 1487 3638 ιύς
1513 3558 1597 3625 ὅταν
1703 3563 1704 3580 ’

419 3662 546 3748 ἐλεγείῳ
568 3664 724 3749 προστιθῇ
747 3685 790 3741 τις
813 3664 952 3750 ἰαμβεῖον
974 3663 996 3748 ἠ
1020 3664 1098 3729 ἄλλο
1120 3687 1158 3744 τι,
1181 3665 1220 3729 τοὶ
1242 3661 1273 3727 δ’
1298 3664 1337 3727 ἐκ
1357 3662 1516 3731 πλειόνων.

505 3768 750 3833 Discernuntur
772 3768 872 3850 igitur
894 3769 984 3852 apud
1005 3770 1188 3834 Aristidem
1216 3771 1373 3851 quattuor
1401 3769 1596 3835 carminum
1703 3769 1704 3772 ’

419 3891 550 3953 genera,
574 3892 648 3935 cnm
678 3872 743 3937 alia
772 3876 929 3937 constent
957 3892 998 3937 ex
1029 3872 1167 3955 singulis
1194 3872 1348 3937 versibus
1372 3873 1597 3953 continuatis,
1703 3885 1704 3916 ³

419 3975 485 4039 alia
508 3962 551 4038 ex¹
571 3974 671 4054 binis,
699 3975 764 4039 alia
793 3976 972 4053 externis,
996 3976 1061 4041 alia
1080 3996 1121 4041 ex
1137 3976 1373 4058 compluribus.
1410 3976 1599 4059 Postremo

420 4079 494 4142 loco
527 4078 639 4160 posita
672 4098 747 4142 esse
782 4079 932 4143 earmina
958 4075 1041 4142 κατοὶ
1069 4078 1212 4163 περίοδον
1241 4098 1341 4144 nemo
1364 4098 1434 4143 non
1455 4079 1599 4160 ridet,²)

509 4285 527 4354 ¹)
546 4286 646 4339 Parum
665 4292 792 4340 accurate
810 4287 963 4356 Westphal.
982 4288 1079 4341 Aletrili
1096 4286 1127 4341 1²
1144 4305 1170 4357 p.
1189 4288 1241 4341 229
1258 4288 1310 4341 lias
1330 4287 1483 4357 categorias
1502 4289 1600 4346 luisse

421 4372 582 4440 disciplinae
598 4372 782 4428 Heliodoreae
797 4378 880 4443 alque
893 4375 1135 4443 Hephaestioneae
1148 4375 1227 4438 dixin
1247 4376 1281 4429 cl.
1295 4376 1411 4444 Longin.
1426 4392 1453 4444 p.
1463 4376 1475 4429 l
1487 4377 1548 4430 12-
1560 4380 1602 4433 15

420 4458 459 4527 (in
477 4458 562 4511 schol.
581 4458 671 4526 Heph.
689 4458 719 4527 β).
756 4460 814 4512 Iam
832 4460 957 4514 Platonis
977 4466 1067 4515 aetate
1085 4460 1230 4529 rhythmici
1250 4462 1408 4515 scholarum
1424 4462 1602 4531 principium

422 4545 456 4597 ab
475 4546 674 4599 elementorum
694 4546 878 4614 explicatione
897 4548 997 4601 ducere
1015 4548 1091 4602 soliti
1109 4553 1174 4603 sunt
1191 4548 1271 4618 (Plat.
1291 4548 1388 4617 Cratyl.
1405 4548 1502 4617 mc).

506 4630 528 4703 ¹)
548 4632 718 4687 Vocabulum
737 4638 869 4701 περίοδος,
883 4652 938 4689 non
951 4635 1073 4704 σύστημα
1084 4637 1197 4690 Aristidi
1209 4637 1238 4689 in
1251 4653 1304 4691 usu
1317 4637 1402 4691 ltiisse
1414 4638 1498 4691 docui
1510 4654 1535 4705 p.
1546 4640 1601 4695 42.
