3459 5200
614 544 815 640 uaa„

133 755 373 817 memorantur.
419 750 608 816 Occurrunt
635 749 760 834 ἐπῳδοί,
784 745 924 835 ἐφύμνια,
951 743 1213 834 implicacarunt,
1241 748 1302 813 sed

131 854 339 938 praepositio
362 849 441 937 μετά
464 856 498 918 in
527 853 719 919 huiusmodi
742 854 896 918 formulis
926 873 1090 936 nusquam
1114 853 1301 936 deprehen·

132 958 233 1023 ditur.
283 956 378 1022 Adde
413 958 503 1040 quod
535 962 776 1023 enumerantur
809 954 955 1042 ἐφύμνια,
987 952 1154 1042 προόμνια,
1187 976 1301 1022 nonne

132 1061 241 1144 quivis
270 1061 409 1144 requirit
438 1057 587 1147 μεούμνια
620 1064 662 1127 ab
696 1061 947 1144 Hephaestione
981 1082 1013 1144 p.
1042 1061 1178 1126 xxva
1210 1080 1301 1125 com·

132 1169 334 1243 memorata,
369 1185 443 1230 cum
476 1167 676 1248 praesertim
709 1166 789 1250 quid
818 1165 952 1230 intersit
986 1165 1073 1230 inter
1106 1162 1237 1250 ἐφύμνια
1268 1169 1301 1231 et

133 1264 290 1353 μεθόμνια
313 1289 382 1334 333
409 1269 643 1352 intellegatur?
688 1269 779 1347 Quae
808 1269 907 1334 luerit
935 1269 1220 1352 meshymniornm
1246 1269 1302 1334 de·

133 1371 272 1454 scriptio
312 1392 382 1437 non
422 1374 488 1438 iam
528 1374 593 1439 dici
632 1378 760 1456 potest,
799 1374 950 1457 quamvis
988 1373 1085 1437 facile
1124 1372 1300 1455 scripseris

132 1476 177 1558 (p.
201 1477 252 1556 59,
275 1477 330 1559 18)
353 1477 402 1555 „si
425 1481 536 1542 autem
558 1482 637 1560 post
658 1477 844 1561 <strophen
876 1481 908 1542 et
937 1477 1036 1560 ante>
1064 1477 1300 1558 antistrophen

132 1579 370 1644 collocentur.“

218 1684 265 1747 De
289 1683 406 1747 ultimo
430 1683 537 1767 capite
560 1683 603 1765 (p.
625 1685 821 1768 60,1-u5)‚
845 1684 935 1767 quod
957 1685 1070 1748 verbis
1094 1684 1180 1762 „hoc
1195 1703 1300 1766 genus

132 1789 168 1852 in
200 1787 304 1852 sacris
336 1787 513 1852 cantilenis
543 1788 674 1852 ferunt“
710 1787 1161 1878 continuaturenarrationi
1194 1808 1226 1869 p.
1249 1787 1301 1865 58,

131 1893 248 1969 6-73,
271 1891 361 1974 quod
384 1890 542 1955 adnotem
566 1910 634 1954 uon
658 1892 777 1956 habeo.
822 1892 936 1974 ltaque
965 1892 1008 1956 ad
1034 1892 1180 1974 primum
1202 1895 1301 1972 caput

130 1996 178 2076 tp.
202 1995 252 2076 56,
278 1994 467 2076 15-58,1)
490 2014 543 2058 me
573 1999 748 2073 converto,
779 1996 831 2059 cui
860 1996 903 2059 ab
931 1994 1127 2078 Aphthonio
1155 1994 1206 2058 vel
1233 1994 1301 2058 ior·

131 2104 226 2163 tasse
247 2096 449 2180 Victorino¹)
478 2117 597 2179 parum
626 2102 703 2180 apte
731 2097 907 2180 inscriptio
935 2097 997 2177 „de
1024 2097 1176 2180 poetice*
1204 2117 1301 2180 prae-

131 2202 199 2265 lixa
214 2205 274 2264 est.
312 2200 404 2278 Quae
426 2201 551 2265 locutio
575 2221 639 2284 quo
662 2201 829 2282 pertineat
853 2202 949 2266 facile
970 2220 1154 2284 cognosces
1178 2201 1300 2265 collato

130 2303 294 2369 Diomede
329 2305 362 2367 in
398 2305 449 2369 GL
477 2305 490 2368 Ι
517 2325 549 2386 p.
571 2305 648 2382 473,
675 2305 819 2368 15—a0.
870 2307 978 2388 Atque
1006 2305 1042 2369 iu
1069 2304 1179 2388 prima
1203 2324 1300 2387 para-
1365 2328 1382 2390 j

132 2408 263 2490 grapho
298 2407 362 2488 (55,
395 2407 541 2489 re-ar)
574 2427 751 2490 perperam
786 2429 805 2472 a
834 2408 1059 2473 Wilmannsio
1088 2408 1198 2472 deleta
1225 2428 1301 2472 esse

131 2510 235 2575 verba
258 2511 329 2588 „vel
353 2510 555 2593 3133333313*ι
580 2510 782 2593 intellegitur
811 2531 852 2576 ex
880 2511 963 2576 locis
994 2513 1060 2577 iam
1082 2532 1184 2594 snpra
1205 2533 1236 2594 p.
1260 2513 1302 2575 94

129 2614 243 2679 allatis
265 2614 356 2678 velut
379 2615 483 2679 schol.
506 2616 604 2680 Dion.
628 2615 709 2680 Thr.
734 2614 784 2679 ed.
809 2615 938 2679 Bekker
959 2637 991 2699 p.
1013 2616 1085 2694 768,
1101 2616 1158 2680 73ε
1180 2615 1302 2700 ποίησις

131 2717 196 2801 γὰρ
218 2714 240 2801 rt
262 2716 350 2781 πᾶσα
368 2714 474 2799 Ἰλιάς,
502 2716 623 2803 ποίημα
645 2718 680 2781 δὲ
709 2713 827 2803 ἑκάστη
856 2718 1010 2802 ῥαψῳδία.
1055 2719 1092 2783 13
1119 2719 1228 2802 capite
1250 2719 1301 2783 in-

131 2821 296 2903 sequenti,
320 2820 355 2885 in
379 2841 443 2904 quo
468 2822 552 2887 duae
576 2822 762 2888 carminum
785 2822 970 2887 divisiones
990 2824 1188 2888 coniunctae
1211 2827 1299 2901 sunt,

128 2945 162 3006 p.
188 2924 239 3002 57,
265 2927 279 2988 l
308 2924 524 3006 Aphthonius
559 2925 632 2991 sine
666 2925 767 2990 dubio
805 2926 940 3008 scripsit
969 2930 1046 3006 „aut
1074 2925 1299 2990 tetrametris“

130 3032 164 3092 et
189 3026 240 3105 57,
262 3030 283 3091 1)
306 3028 540 3110 „expluribus
571 3028 724 3094 metris“:
758 3030 824 3093 hoc
853 3029 998 3094 restituit
1024 3029 1195 3111 Bergkins
1219 3028 1300 3093 illud

128 3128 299 3213 Keilius.¹)
344 3130 436 3208 Quae
457 3152 489 3213 p.
513 3132 564 3209 57,
588 3132 607 3195 5
632 3137 815 3215 sequuntur
838 3137 871 3196 et
893 3132 1055 3197 Victorini
1085 3136 1119 3196 et
1146 3132 1300 3197 librario·

130 3253 207 3298 rum
228 3233 319 3298 vitiis
343 3235 427 3298 adeo
451 3233 631 3317 depravata
662 3240 755 3314 sunt,
784 3240 820 3299 ut
848 3236 927 3317 quid
955 3235 1170 3318 Aphthonius
1195 3236 1247 3299 vel
1272 3236 1299 3300 is

130 3358 199 3421 quo
226 3358 307 3402 usus
336 3342 387 3402 est
422 3338 597 3420 scripserit
629 3358 702 3403 cum
730 3338 978 3422 probabilitatis
1006 3340 1117 3422 specie
1140 3343 1300 3423 quantum

128 3442 230 3507 video
253 3441 421 3505 enucleari
443 3446 595 3525 nequeat.
641 3442 713 3506 Hoc
736 3446 865 3508 tantum
889 3443 929 3521 ie,
960 3442 1016 3525 qui
1038 3441 1299 3525 Hephaestionis

130 3546 237 3610 verba
259 3545 324 3609 iam
349 3563 369 3607 3
390 3544 497 3609 Keilio
520 3545 621 3609 allata
647 3546 878 3628 perpenderit,
909 3546 1070 3612 concedet
1098 3546 1209 3610 verbis
1238 3566 1300 3624 „ex

127 3648 285 3714 trimetro
310 3651 344 3711 et
365 3651 581 3713 tetrametr0“
606 3649 649 3731 (p.
667 3650 718 3727 57,
735 3650 767 3731 5)
791 3649 950 3733 reliquias
973 3650 1056 3714 effici
1075 3648 1298 3727 enarrationis

128 3751 306 3818 cuiusdam
323 3752 507 3817 carminum
524 3757 638 3838 μικτῶν
660 3750 743 3815 κατὰ
758 3752 874 3837 στίχον.
906 3755 1030 3819 Caesar
1043 3755 1147 3818 verba
1162 3772 1299 3836 „quam-

128 3857 233 3939 quam
256 3890 296 3901 —
319 3853 420 3918 fiunt“
454 3855 498 3937 (p.
527 3856 579 3933 57,
609 3857 717 3939 5-9)
740 3862 818 3939 post
840 3878 871 3939 p.
895 3858 946 3934 57,
972 3859 1011 3922 15
1045 3858 1108 3936 „ad
1136 3857 1299 3921 iambicos

128 3956 239 4023 redit“
263 3958 482 4039 transposuit,
512 3959 572 4022 sed
597 3960 700 4024 verba
729 3960 785 4023 illa
807 3980 873 4043 quo
897 3960 1140 4025 sententiarum
1166 3960 1299 4024 vinculo

127 4080 208 4125 cum
232 4061 416 4125 camninum
441 4060 654 4147 μεταβολικῶν
677 4064 904 4146 descriptione
927 4068 1146 4130 conectantur
1160 4085 1213 4128 me
1230 4084 1299 4128 non

127 4163 327 4248 intellegere
350 4161 492 4246 ingenue
515 4165 631 4231 fateor.
678 4167 890 4250 Quapropter
911 4168 1000 4232 hunc
1022 4169 1091 4232 lere
1112 4168 1147 4230 in
1162 4168 1298 4232 modum

223 4336 241 4405 ¹)
260 4337 294 4390 ci.
313 4337 425 4391 Schultz
444 4338 462 4392 l.
481 4356 503 4391 c.
523 4356 548 4406 p.
569 4339 608 4392 13.
627 4340 669 4393 57.

219 4423 241 4493 ’)
259 4424 431 4477 Vocabulum
458 4426 666 4488 „continentur‘
690 4444 716 4495 p.
739 4428 781 4489 57,
804 4426 821 4479 3
844 4442 900 4479 333
927 4427 1011 4480 modo
1039 4426 1193 4481 offensione
1216 4434 1298 4490 caret.

124 4513 180 4568 sed
200 4511 277 4579 qnod
294 4511 391 4565 maluit
409 4511 513 4565 Keilins
532 4512 759 4575 „continuantur‘
779 4516 807 4565 et
818 4528 835 4565 a
848 4511 1046 4565 sententiarum
1060 4528 1165 4565 conexu
1178 4512 1299 4567 alienum

124 4606 173 4655 est
193 4604 220 4652 et
239 4596 399 4666 repudiatur
416 4598 619 4667 praepositione
639 4606 715 4663 „eut
