3459 5200
950 463 993 528 92

364 664 495 739 cogeret
518 658 660 723 moribus
685 657 753 723 suis
777 658 959 742 opinionem
984 659 1178 722 contrariam
1193 677 1350 740 quaerore
1366 663 1399 722 et
1411 655 1587 739 nequitiam

363 764 496 848 abdere,
530 765 620 830 ouius
650 763 770 830 fruetus
803 764 1050 849 concupiscitur,
1083 764 1156 848 ipsu
1188 784 1265 828 vero
1298 763 1373 828 odio
1406 762 1586 849 pudorique

363 878 426 952 est3
455 893 515 937 neo
539 871 708 954 quisquam
737 878 859 936 tuntum
888 893 908 935 a
936 879 1072 935 naturae
1099 871 1174 954 lege
1202 870 1340 936 descivit
1368 877 1401 938 et
1427 870 1588 935 hominem

363 979 459 1063 exuit,
483 986 518 1044 ut
542 978 640 1042 animi
668 999 770 1044 eausa
794 980 898 1044 malus
922 979 973 1044 sit.
999 977 1040 1042 de
1063 977 1167 1043 benef.
1191 979 1266 1044 116.
1291 981 1326 1044 2:
1351 976 1456 1055 Quam
1480 976 1583 1061 duloe,

363 1106 459 1168 quam
483 1086 659 1170 pretiosum
684 1091 741 1170 est,
767 1085 794 1150 si
815 1090 933 1168 pretias
955 1087 1013 1149 sibi
1035 1088 1088 1170 opi
1110 1105 1172 1149 nou
1196 1092 1382 1168 sulpureus,
1407 1084 1462 1167 qui
1485 1083 1585 1166 dedit,

364 1193 392 1257 si
420 1192 619 1270 dedissem,
654 1191 729 1256 dum
757 1192 823 1275 dut,
856 1193 976 1258 oblitus
1005 1195 1071 1257 est!
1105 1191 1146 1256 de
1174 1192 1278 1257 benef.
1303 1191 1335 1256 ll
1354 1195 1402 1257 ll.
1430 1201 1462 1257 7:
1495 1190 1585 1256 Nihil

365 1319 468 1382 aeque
500 1300 533 1363 iu
571 1299 727 1365 beneficio
761 1298 870 1364 dando
901 1299 1067 1364 vitandum
1102 1307 1152 1364 est
1183 1320 1280 1382 (luam
1314 1298 1475 1383 superbia.
1509 1297 1587 1381 quid

365 1426 446 1491 opus
470 1409 653 1489 adr-opuntia
675 1407 791 1491 vultus,
815 1405 893 1489 quid
921 1413 1045 1471 tumore
1073 1407 1265 1471 verborum?
1293 1406 1367 1490 ipsa
1396 1426 1446 1470 res
1473 1412 1506 1471 te
1532 1426 1587 1470 ex-

361 1514 462 1578 tollet.
494 1512 696 1578 detrahenda
731 1521 780 1579 est
814 1514 920 1579 inanis
953 1513 1106 1595 laetati03
1139 1534 1191 1579 res
1224 1513 1394 1596 loquentur
1420 1512 1514 1577 uobis
1540 1518 1587 1576 te·

362 1621 517 1686 centibus.
541 1641 604 1686 nou
625 1626 748 1685 tautum
772 1621 934 1703 ingratum
958 1620 1016 1686 sed
1039 1624 1172 1685 invisum
1194 1629 1238 1685 est
1261 1622 1439 1702 beneficium
1459 1620 1589 1702 superbe

283 1736 286 1740 ’
361 1730 475 1792 dolum.

451 1940 488 2003 T.
516 1939 624 2021 Agrio.
649 1939 701 2004 45.
726 1941 759 2004 9:
785 1940 961 2024 praecipua
986 1940 1045 2005 sub
1070 1940 1254 2004 Domitiano
1278 1939 1481 2005 miseriarum
1510 1959 1588 2025 pars

363 2052 433 2110 orat
455 2045 568 2111 videre
591 2053 624 2110 et
646 2045 759 2129 aspici,
788 2067 858 2110 oum
888 2048 1029 2131 suspiria
1057 2053 1168 2112 nostra
1196 2046 1485 2124 subscriberentur‚
1515 2067 1586 2111 oum

364 2152 558 2218 denotandis
582 2159 630 2218 tot
653 2153 815 2217 hominum
843 2152 1021 2238 palloribus
1050 2153 1214 2219 sufficeret
1242 2173 1359 2219 suevus
1392 2152 1447 2218 ille
1479 2154 1585 2219 voltus

364 2267 396 2324 et
418 2261 520 2337 rubor,
545 2282 603 2343 quo
626 2283 659 2324 se
682 2269 788 2326 contro
806 2263 960 2345 pudorem
983 2264 1145 2326 urrruiebut.

453 2367 484 2430 S.
515 2366 575 2451 Ep.
604 2370 652 2434 ll.
678 2371 712 2432 3:
742 2368 830 2432 Inter
857 2367 940 2432 haee
973 2387 1047 2432 esse
1079 2374 1111 2432 et
1143 2370 1286 2434 ruborem
1318 2368 1395 2451 seio,
1428 2367 1481 2450 qui
1515 2387 1587 2449 gra·

362 2472 503 2564 vissimis
535 2494 662 2557 quoque
694 2473 772 2539 viris
806 2473 932 2540 subitus
960 2473 1156 2539 adfunditur.
1272 2478 1395 2559 quidum
1421 2497 1588 2559 numquam

363 2585 468 2664 rumpis,
493 2604 677 2665 quartorum
706 2583 890 2663 erubrmriut,
921 2584 1046 2647 timendi
1071 2591 1153 2664 suut,
1181 2585 1271 2667 quusi
1300 2605 1420 2649 our-uem
1448 2604 1587 2649 ueremu-

362 2691 445 2753 (le'um
468 2691 640 2772 effu-derint.

453 2903 489 2967 T.
518 2902 624 2967 Germ.
650 2904 700 2968 19.
726 2903 761 2967 3:
789 2901 990 2987 paucissimo
1017 2904 1050 2969 iu
1078 2909 1144 2967 tam
1172 2924 1343 2970 numerosa
1372 2912 1468 2987 gente
1498 2902 1588 2969 adul·

363 3010 446 3074 teria
535 3010 719 3095 publioatue
743 3010 827 3074 enim
844 3014 1013 3095 pudicitiae
1037 3011 1126 3075 nulla
1154 3011 1264 3076 venia:
1292 3032 1355 3075 uon
1384 3012 1496 3096 forma,
1524 3031 1588 3075 uon

364 3124 481 3195 aetate,
505 3139 568 3181 rrum
595 3118 701 3201 opibus
728 3120 876 3183 rum-uum
903 3122 1060 3182 irrueuerit.
1089 3141 1177 3183 meum
1206 3123 1287 3183 euim
1314 3122 1374 3183 illic
1400 3122 1474 3183 uitio
1500 3121 1579 3184 ridet

363 3247 417 3288 ruer
439 3246 637 3308 murmuupere
660 3233 688 3288 et
710 3228 870 3307 eorrumpi
891 3226 1045 3289 summum
1058 3233 1192 3289 oricutur.
1267 3225 1314 3290 sio
1328 3248 1423 3291 uuruu
1438 3229 1589 3309 (tempium

365 3334 595 3413 romulumque
620 3330 716 3395 modo
741 3351 837 3395 uuum
861 3351 978 3415 eorpus
1002 3351 1161 3414 unamque
1186 3332 1295 3416 vitum,
1313 3355 1352 3396 ue
1369 3335 1433 3397 ullu
1451 3336 1592 3419 copitutio

366 3440 458 3520 ultro,
477 3460 515 3503 ue
539 3440 657 3525 loupiur
681 3440 897 3521 repudiemus
921 3447 1076 3521 tamquam
1099 3443 1254 3520 maritum,
1274 3442 1329 3503 sed
1351 3448 1505 3524 tumquum
1526 3463 1591 3504 um-

369 3550 545 3611 trimom'uru
570 3554 678 3609 ament.
727 3545 824 3627 (oouf.
850 3545 958 3612 Germ.
986 3550 1034 3613 17.
1061 3548 1125 3623 13.)

460 3652 492 3719 S.
517 3651 576 3736 Ep.
602 3655 654 3719 39.
680 3655 714 3718 6:
741 3652 885 3717 seruiunt
907 3652 1016 3735 itaque
1040 3653 1269 3737 voluptatibus,
1293 3673 1357 3717 nou
1381 3652 1535 3736 fruuntur,
1559 3660 1592 3719 et

366 3758 452 3822 mala
476 3778 546 3835 sua,
571 3758 657 3841 quod
680 3757 834 3823 malorum
859 3759 1007 3824 ultimum
1030 3765 1089 3838 est,
1111 3766 1143 3825 et
1167 3766 1291 3824 amant:
1312 3766 1387 3825 tuno
1410 3766 1518 3825 autem
1541 3767 1593 3825 est

366 3873 586 3929 consummata
609 3866 792 3951 infelicitas,
809 3867 862 3929 ubi
887 3867 993 3952 turpia
1017 3887 1079 3931 uon
1104 3866 1206 3931 solum
1226 3865 1397 3951 delectant,
1414 3866 1473 3933 sed
1493 3867 1590 3933 etiam

365 3972 503 4057 placent,
525 3979 556 4036 et
576 3975 687 4037 desinit
710 3996 776 4040 esse
798 3976 932 4038 remedio
957 3976 1047 4058 lomus,
1066 3974 1119 4037 uln'
1140 3996 1217 4058 pruno
1233 3979 1364 4058 furorum
1385 3976 1467 4058 villu,
1492 3996 1591 4039 mores

365 4088 443 4143 sum.
469 4078 510 4143 de
533 4079 773 4147 tenellulo.
796 4086 829 4145 l:
850 4080 1006 4165 pudorem
1031 4080 1115 4144 enim
1138 4081 1184 4145 rei
1207 4081 1300 4145 tollet
1322 4080 1492 4145 multitudo
1516 4100 1590 4166 peo-

366 4186 515 4263 caufium,
546 4193 578 4252 et
611 4190 720 4252 demut
752 4210 817 4252 esse
840 4189 951 4271 probri
978 4189 1041 4252 loeo
1069 4210 1227 4252 courmuue
1254 4190 1457 4252 uruledr'etum.
1503 4208 1591 4251 num-

366 4293 442 4376 quid
467 4294 531 4357 ium
556 4294 622 4359 ulla
645 4293 779 4377 repudio
805 4294 973 4378 erubescit,
996 4301 1167 4378 postquam
1191 4294 1343 4360 inlustres
1367 4294 1528 4378 quuaedam
1551 4314 1589 4359 ac

364 4400 492 4465 nobiles
516 4400 656 4465 sominae
680 4421 742 4464 uon
767 4401 933 4465 consulum
957 4421 1087 4466 numero
1112 4402 1170 4467 sed
1193 4405 1373 4468 maritorum
1393 4406 1496 4468 uuuos
1515 4423 1591 4468 suos

366 4514 540 4591 oonputant
568 4514 598 4570 ot
627 4514 744 4571 exeunt
774 4507 969 4571 matrimonii
1002 4529 1118 4593 eausa,
1151 4510 1274 4574 nubunt
1299 4508 1450 4593 repudii?
1474 4512 1591 4575 tamdiu

364 4618 442 4677 istuc
465 4614 633 4688 [innobatum
662 4617 807 4697 qrrunrdiu
833 4638 941 4679 rurum
969 4624 1035 4680 erut
1064 4636 1091 4683 o.
1117 4638 1147 4698 q.
1173 4637 1197 4681 e.
1221 4616 1436 4701 Hieronymus
1464 4616 1590 4682 advers.

366 4720 520 4787 Ioviniun.
554 4719 608 4785 lib.
640 4722 709 4805 lp.
738 4723 813 4788 188:
848 4723 986 4801 (Seneca
1019 4722 1066 4787 llI
1095 4743 1127 4806 p.
1157 4726 1231 4788 432.
1259 4726 1301 4788 72
1325 4733 1358 4787 et
1382 4726 1423 4788 74
1451 4723 1589 4805 Haeselz
