3459 5200
856 537 1059 634 Δ..

380 762 540 807 assensus
563 743 791 826 Westphalius
814 743 945 825 (Metrilr
966 744 997 808 1²
1017 765 1049 828 p.
1078 745 1256 826 186-189)
1279 744 1427 828 priorem
1449 765 1548 810 com·

378 846 579 910 monterium
613 846 767 911 ultimum
800 867 876 912 esse
910 847 1086 912 enchiridii
1115 847 1257 912 minoris
1287 852 1385 932 caput
1413 849 1449 912 in
1476 849 1548 912 line

379 969 460 1014 casu
491 950 697 1030 mutilatum,
736 950 878 1016 alterum
913 972 934 1016 a
966 951 1184 1033 grammatico
1219 953 1363 1035 quodam
1396 973 1438 1016 ex
1468 972 1550 1017 am-

377 1053 541 1134 plioribus
577 1054 837 1136 Hephaestionis
872 1056 1029 1138 operibus
1063 1060 1272 1138 excerptum,
1307 1057 1406 1121 certis
1443 1076 1549 1139 argu-

383 1157 504 1221 mentis
540 1159 760 1240 comprobare
794 1159 930 1223 studuit.
985 1159 1185 1242 Westpbalii
1218 1159 1412 1242 opinionem
1445 1180 1551 1224 suam

383 1259 461 1324 fecit
484 1260 665 1326 Caesario
688 1261 853 1330 emendat.
898 1263 1005 1344 Heph.
1039 1263 1067 1326 Π
1097 1283 1130 1344 p.
1163 1262 1244 1327 XIV.
1299 1262 1337 1326 ln
1370 1283 1435 1346 qua
1463 1282 1549 1328 cum

384 1364 664 1448 acquiescendum
698 1386 773 1430 esse
815 1369 953 1448 negaret
990 1366 1070 1431 Otto
1106 1367 1220 1430 Hense
1253 1366 1552 1448 (Heliodoreische

383 1467 695 1552 Untersuchungen‚
727 1468 814 1552 Lips.
840 1469 931 1548 1870,
964 1489 996 1552 p.
1023 1470 1202 1552 128-164)
1224 1471 1359 1535 tertiam
1380 1469 1467 1534 viam
1492 1470 1552 1534 in-

385 1569 437 1650 iit,
474 1591 547 1636 cum
582 1572 623 1636 de
656 1572 844 1653 posteriore
880 1574 1121 1637 commentario
1150 1572 1352 1655 Westphalii
1384 1573 1552 1637 iudicium

334 1751 337 1756 ,
385 1677 518 1738 secutus
541 1674 690 1756 priorem
713 1696 754 1740 ex
777 1674 986 1740 diversorum
1002 1675 1204 1759 scriptorum
1225 1677 1347 1758 pannis
1370 1697 1445 1740 esse
1461 1695 1554 1740 con·

384 1781 494 1841 sutum
518 1778 749 1842 demonstrare
772 1763 999 1843 contenderet.
1043 1778 1104 1842 His
1127 1779 1262 1843 demum
1276 1779 1374 1844 annis
1396 1779 1431 1842 in
1446 1778 1554 1844 Gais—

385 1879 484 1943 lordii
514 1879 714 1944 sententiam
742 1880 825 1945 abiit
852 1881 936 1945 Guil.
966 1880 1120 1963 Christst)
1143 1881 1177 1943 in
1205 1879 1322 1944 Hensii
1349 1881 1552 1947 Gerhardus

380 1981 555 2060 Schultz‚²)
583 1983 839 2065 Westphalius³)
879 1983 988 2048 denuo
1029 2004 1065 2048 se
1104 2003 1179 2048 esse
1213 1985 1457 2066 disputaturum
1501 1984 1550 2048 de

384 2085 446 2148 hac
481 2086 676 2166 quaestione
708 2084 877 2169 pollicitus
914 2088 980 2150 est:
1015 2107 1122 2170 neque
1154 2107 1233 2151 vero
1273 2087 1440 2168 promisso
1478 2087 1554 2152 iam

383 2187 484 2252 stetit.

471 2309 535 2386 Qui
568 2310 677 2373 adhuc
711 2329 781 2373 rem
815 2309 999 2391 attigerunt
1032 2330 1150 2375 omnes
1184 2311 1227 2375 ab
1264 2310 1338 2393 ipsa
1375 2329 1557 2373 commen-

387 2412 547 2476 tariorum
580 2412 692 2476 indole
726 2411 949 2476 examinanda
982 2413 1122 2494 profecti
1157 2417 1245 2491 sunt,
1279 2434 1352 2493 nos,
1386 2417 1558 2494 utquam

384 2519 498 2599 potest
524 2515 752 2580 firmissimum
785 2515 974 2600 quaestioni
1008 2517 1155 2581 lubricae
1190 2517 1392 2581 subiciamus
1426 2516 1558 2581 funda-

386 2624 546 2697 mentum,
568 2619 713 2701 primum
736 2623 890 2684 accurate
913 2620 1154 2703 perquiremus,
1177 2620 1258 2703 quid
1273 2620 1464 2703 scriptores,
1490 2623 1558 2703 qui

385 2727 494 2787 aetate
529 2722 671 2801 codices,
707 2722 741 2785 in
774 2724 895 2806 quibus
929 2724 1162 2789 commentarii
1184 2726 1345 2807 leguntur,
1375 2729 1558 2806 superant,

388 2827 429 2890 de
451 2825 724 2907 Hephaestionea
745 2827 814 2909 περὶ
836 2823 1010 2911 ποιήματος
1032 2828 1185 2893 doctrina
1206 2828 1416 2893 tradiderint

470 2949 518 3011 Ac
546 2946 690 3029 primum
718 2948 852 3029 quidem
879 2948 1058 3013 dicendum
1086 2954 1138 3014 est
1166 2950 1208 3014 de
1230 2949 1558 3027 Choerobosco‚

387 3051 421 3115 in
445 3051 537 3115 cuius
559 3051 807 3133 prolegomenis
831 3052 936 3134 ipsius
960 3052 1135 3117 enchiridii
1158 3052 1426 3135 interpretationi
1446 3070 1560 3132 prae-

387 3155 501 3219 missis
523 3174 554 3237 p.
579 3155 629 3234 35,
653 3156 768 3237 9sqq.
791 3154 875 3219 haec
897 3155 1026 3221 insunt:

470 3272 599 3358 Γνήοιον
626 3272 660 3337 δέ
687 3274 750 3338 ἐστι
777 3272 812 3337 τὸ
840 3271 940 3359 παρὸν
967 3272 1155 3361 σύγγραμμα
1173 3268 1395 3360 Ἡφαιστίωνος
1424 3278 1562 3357 πρῶτον

388 3380 442 3463 μὲν
467 3378 505 3440 ἐκ
519 3376 574 3459 τῆς
588 3377 693 3461 κοινῆς
708 3376 878 3462 μαρτυρίας
891 3383 952 3443 τῶν
971 3376 1178 3465 ὑπομνήματα
1192 3378 1386 3464 ποιησάντων
1401 3378 1443 3453 εἰς
1456 3369 1559 3463 αὐτὸ,

389 3482 455 3543 εἶτα
478 3480 512 3543 δὲ
535 3479 589 3542 καὶ
612 3478 649 3543 ἐκ
669 3484 723 3543 τοῦ
747 3480 925 3564 μεμνῆσθαι
954 3474 1046 3545 αότόν
1072 3479 1182 3545 τούτου
1210 3484 1264 3545 καὶ
1292 3482 1324 3547 ἐν
1350 3490 1412 3558 τοῖς
1433 3478 1564 3565 ἑτέροις

389 3582 483 3647 αὐτοῦ
504 3580 711 3667 perducor&
738 3581 848 3667 ποιεῖῦ)
870 3583 932 3667 γὰρ
962 3583 1077 3670 βιβλίον
1097 3586 1168 3669 περὶ
1188 3583 1371 3671 ποιήματος,
1393 3583 1469 3667 ὅπερ
1494 3587 1563 3649 καὶ

387 3685 436 3749 ἀεὶ
458 3684 687 3770 συνευρίσκεται
708 3682 805 3770 τούτῳ
827 3686 871 3771 τῷ
892 3687 964 3770 περὶ
985 3686 1103 3772 μέτριον
1125 3686 1241 3773 βιβλίῳ.

477 3960 497 4030 1)
516 3959 613 4015 Gesch.
638 3958 664 4014 d.
688 3960 787 4028 griech.
811 3960 874 4015 Litt.
904 3961 932 4014 io
955 3962 1000 4015 liv.
1023 3961 1138 4015 Mueller
1161 3961 1286 4024 „Haudb
1310 3962 1337 4016 d.
1356 3962 1440 4017 stass.
1458 3963 1562 4019 Alter-

389 4047 671 4103 tumswissenscbalt“
691 4048 745 4102 vol.
765 4048 812 4101 Vll
831 4048 998 4117 (Noerdliug.
1014 4050 1090 4118 1889)
1108 4067 1134 4117 p.
1151 4050 1203 4101 565
1221 4050 1284 4103 adn.
1303 4051 1332 4114 8;
1351 4052 1456 4104 faverat
1475 4051 1562 4109 idem

391 4142 474 4189 antea
492 4136 520 4188 in
539 4135 609 4188 Phil.
629 4136 694 4189 Anz.
716 4136 780 4187 1871
800 4152 826 4203 p.
844 4136 897 4188 308
915 4135 1002 4203 magis
1020 4136 1115 4188 Hensii
1135 4138 1294 4191 sententiae.

473 4225 495 4294 ²)
515 4224 620 4290 Quibus
639 4223 796 4277 auctoribus
815 4223 910 4276 Aelius
927 4224 1027 4277 Festus
1048 4224 1223 4292 Aphthonius
1247 4226 1281 4277 de
1300 4242 1329 4278 re
1352 4226 1465 4279 metrica
1483 4243 1563 4281 usus

388 4314 423 4367 sit
441 4312 560 4383 (Vratisl.
581 4310 656 4379 1885)
674 4326 701 4378 p.
719 4310 760 4363 46.

476 4400 496 4469 ³)
515 4399 586 4466 Aug.
605 4397 713 4451 Meuik³
733 4398 835 4466 (Leipz.
857 4398 933 4467 1887)
952 4416 977 4467 p.
999 4400 1056 4453 190.

474 4488 496 4557 ⁴)
515 4486 646 4553 ποιήμασι
664 4486 842 4549 Βῑυάεηιυηά,
862 4485 989 4553 ποιήμασι
1008 4487 1086 4539 codd.

478 4575 496 4642 5)
517 4578 598 4625 ἐποίει
616 4574 759 4641 proposuit
777 4573 1024 4626 Hoerschelmauu.
