3459 5200
805 785 934 895 Caput
965 786 1034 871 VI.

430 975 485 1040 De
509 975 651 1040 Ioanne
674 975 819 1039 Tuetaa
843 981 881 1040 et
903 972 1121 1040 Eustathio.
1168 972 1289 1054 (Sacc.
1314 971 1412 1057 XII.)

396 1151 625 1238 Iambographi
649 1151 771 1217 saeculi
794 1173 826 1237 p.
842 1151 914 1217 Chr.
931 1149 1115 1216 duodecimi
1138 1149 1182 1215 ad
1200 1171 1297 1215 unum
1313 1169 1425 1216 omnes
1439 1151 1535 1218 alteri

307 1265 363 1323 aut
386 1259 481 1324 tertio
506 1257 611 1323 ordini
633 1258 845 1341 Hilbergiano
870 1255 1079 1323 adscribendi
1106 1264 1189 1322 sunt.
1237 1255 1304 1321 Sed
1331 1256 1438 1321 medio
1465 1257 1536 1323 sere

307 1364 437 1430 saeculo
461 1387 493 1451 p.
518 1364 590 1434 Chr.
616 1363 807 1430 duodecimo
832 1364 935 1428 critici
960 1362 1091 1446 quidam
1118 1363 1172 1428 vel
1201 1363 1404 1446 grammatici
1428 1363 1535 1449 Cpoli-

305 1471 373 1536 tani
402 1471 624 1537 incredibilem
655 1472 743 1537 illum
777 1470 1003 1535 dichronorum
1036 1471 1171 1535 abusum
1204 1490 1336 1554 prorsus
1368 1490 1537 1536 removere

307 1579 400 1644 enixe
432 1578 638 1660 studuerunt,
671 1577 755 1642 hanc
786 1576 960 1641 factionem
994 1575 1081 1660 apud
1115 1576 1306 1661 Cpolitanos
1340 1579 1538 1643 auctoritate

305 1687 438 1750 multum
461 1686 604 1751 valuisse
628 1685 745 1750 docent
767 1685 906 1749 Ioannes
930 1684 1067 1749 Taetzes
1091 1689 1190 1766 atque
1212 1683 1411 1750 Eustathius.

395 1811 559 1877 Ioannes
583 1811 746 1875 Tzetzea
769 1809 802 1873 in
826 1808 874 1875 eis
898 1828 979 1891 quos
1002 1808 1204 1893 provectiore
1218 1815 1325 1874 aetate
1341 1809 1537 1893 conscripsit

307 1917 425 1982 libellis
448 1918 501 1982 vel
524 1917 665 1982 maxime
688 1917 721 1980 in
745 1916 793 1982 eis
817 1915 950 1981 scholiis
974 1915 1090 1998 quibus
1114 1914 1272 1998 epistulas
1302 1935 1379 1981 suas
1411 1935 1536 1981 earum-

306 2043 369 2106 que
397 2023 653 2107 commentarios,
681 2020 839 2087 chiliades
868 2020 952 2104 dico,
981 2021 1142 2106 instruxit,
1170 2021 1345 2086 identidem
1374 2022 1536 2086 vocalium

306 2130 452 2214 abusum,
477 2148 571 2212 quem
595 2130 699 2214 ipsum
724 2146 850 2211 quoque
874 2127 1007 2193 iuvenili
1030 2134 1140 2193 aetate
1165 2147 1200 2192 se
1224 2127 1433 2193 adamaviase
1452 2127 1534 2192 fate-

306 2243 366 2320 tur,
391 2237 594 2320 improbavit.
641 2237 755 2318 Locos,
780 2235 836 2318 qui
859 2233 904 2298 ad
926 2234 1011 2299 hane
1041 2255 1108 2299 rem
1137 2235 1308 2319 pertinent,
1339 2235 1471 2317 collegit
1493 2234 1536 2299 G.

305 2343 387 2407 Hart
415 2341 447 2407 in
475 2341 586 2406 Jahrb.
611 2341 632 2404 f.
658 2341 756 2408 class.
781 2340 898 2405 Philol.
924 2341 1033 2425 Suppl.
1058 2341 1120 2405 vol.
1145 2339 1209 2404 ΧΠ
1241 2341 1342 2426 (Lips.
1370 2344 1468 2422 1880)
1500 2363 1535 2426 p.

307 2451 348 2515 66
373 2469 444 2532 sqq.
467 2448 741 2530 Tzetzianamque
770 2446 811 2512 de
843 2448 997 2512 trimetris
1030 2447 1178 2513 versibus
1210 2446 1400 2512 lectitandis
1432 2455 1536 2513 artem

306 2556 473 2621 metricam
497 2555 680 2620 universam
704 2561 792 2620 recte
817 2552 1034 2638 descripsit.¹)
1066 2554 1159 2620 Nunc
1177 2573 1253 2619 vero
1277 2561 1352 2640 post
1373 2555 1536 2639 Hilbergii

307 2662 348 2728 de
370 2662 560 2746 Byzantinis
584 2660 827 2745 iambographis
851 2681 946 2726 curas
971 2680 1020 2739 ea,
1050 2681 1135 2744 quae
1157 2668 1237 2745 apta
1261 2662 1327 2726 sint
1348 2661 1394 2725 ad
1415 2660 1537 2745 locum,

306 2789 400 2852 quem
423 2769 563 2833 Ioannes
587 2768 724 2833 Taetzes
747 2768 829 2832 inter
843 2768 1043 2851 Byzantinos
1066 2768 1317 2851 iambographos
1342 2768 1454 2851 tenuit,
1479 2788 1534 2833 ac·

306 2876 449 2942 curatius
473 2873 708 2959 illustrandum,
732 2875 846 2959 paucis
869 2874 978 2941 verbis
1006 2874 1137 2958 addam,
1166 2876 1318 2958 quoniam
1346 2875 1538 2958 Hilbergius

306 2983 348 3049 de
371 2984 512 3047 Tzetaae
535 2990 606 3047 arte
629 2982 761 3047 metrica
785 2980 947 3047 disserere
971 2981 1162 3066 supersedit.

395 3108 446 3171 Do
469 3105 694 3171 dichronorum
717 3126 777 3172 usu
804 3106 1037 3171 Eustathius
1068 3106 1140 3191 ipse
1171 3104 1350 3171 identidem
1382 3107 1415 3170 in
1450 3125 1534 3170 com-

306 3213 472 3278 mentariis
496 3213 573 3296 suis,
598 3213 737 3278 maxime
760 3213 794 3278 in
822 3213 1062 3278 commentariis
1091 3212 1280 3295 Homericis,
1313 3213 1413 3279 verba
1445 3212 1535 3277 fecit.

306 3319 396 3385 Idem
420 3319 542 3385 diserte
566 3318 676 3385 docuit
698 3318 805 3383 medio
830 3320 897 3384 fere
925 3320 1055 3385 saeculo
1085 3341 1116 3403 p.
1140 3319 1198 3385 Ch.
1223 3316 1414 3385 duodecimo
1440 3318 1535 3403 Opoli

306 3426 407 3492 fuisse
431 3424 668 3509 grammaticos,
693 3425 748 3508 qui
767 3444 859 3490 suam
875 3426 991 3509 cuique
1006 3426 1113 3490 vocali
1136 3432 1161 3483 A
1175 3430 1216 3483 lT
1239 3425 1453 3508 quantitatem
1468 3446 1535 3491 ser-

306 3532 446 3597 vandam
471 3552 544 3597 esse
568 3530 813 3614 contenderent,
838 3532 879 3599 cf.
896 3552 981 3615 quae
1003 3532 1037 3595 in
1057 3533 1285 3596 commentario
1300 3531 1412 3615 Iliaco,
1437 3553 1534 3615 quem

307 3658 466 3703 unacum
490 3636 673 3722 Odyssiaco
699 3638 927 3703 commentario
957 3647 1033 3722 tum,
1065 3657 1137 3702 cum
1166 3646 1236 3702 erat
1265 3640 1298 3702 in
1326 3637 1534 3703 diaconorum

306 3765 445 3829 magnae
479 3745 639 3811 ecclesiae
671 3743 864 3829 Cpolitanae
896 3764 1028 3811 numero
1061 3745 1082 3808 i.
1108 3764 1135 3810 e.
1160 3744 1267 3809 medio
1301 3745 1370 3811 fere
1402 3746 1537 3811 saeculo

306 3873 337 3937 p.
363 3852 420 3919 Cb.
446 3851 645 3935 duodecimo,
669 3858 757 3917 certe
780 3859 855 3917 ante
879 3872 997 3916 annum
1014 3851 1142 3935 illust)
1166 3852 1315 3935 absolvit,
1332 3851 1454 3918 diserte
1468 3872 1534 3916 mo-

307 3959 377 4024 nuit
398 3981 429 4044 p.
453 3961 506 4041 32,
523 3961 561 4024 21
589 3954 666 4023 οὕτω
689 3960 720 4023 δὲ
742 3963 794 4023 καὶ
818 3958 849 4037 (i.
865 3978 894 4025 e.
915 3958 956 4031 ὡς
979 3963 1014 4023 τὸ
1037 3957 1209 4035 Ἀπόλλων)
1232 3962 1268 4023 τὸ
1290 3956 1427 4043 Κρονίων
1450 3962 1538 4045 διφο-

308 4079 398 4153 peirac
421 4069 504 4151 παρὰ
527 4078 567 4150 τῷ
590 4077 699 4153 ποιητῇ
723 4070 776 4130 καὶ
799 4065 880 4131 ἄλλα
902 4063 958 4131 οὐκ
981 4066 1078 4149 ὀλίγα,
1104 4063 1130 4130 εἰ
1151 4070 1203 4129 καὶ
1227 4064 1259 4129 ol
1281 4075 1343 4131 νῦν
1367 4070 1538 4152 στρυφνοὶ

400 4296 420 4365 ¹)
449 4298 489 4351 De
509 4296 547 4351 eis
566 4296 674 4367 legibus
693 4314 762 4365 quas
781 4297 811 4351 in
828 4298 950 4352 versibus
969 4298 1113 4367 dactylicis
1131 4298 1286 4369 pangendis
1299 4298 1415 4352 Ioannes
1425 4298 1535 4353 Tzetaes

307 4387 464 4441 observavit
492 4386 525 4440 cl.
550 4387 582 4439 H.
607 4386 742 4441 Schrader
765 4385 795 4440 in
817 4386 913 4440 Jahrb.
936 4386 1171 4441 f.elass.Philol.
1192 4386 1316 4441 101137
1345 4386 1432 4455 (Lips.
1451 4387 1535 4454 1888)

306 4494 333 4545 p.
353 4476 403 4530 601
423 4492 482 4543 sqq.

398 4580 419 4649 ²)
448 4581 487 4635 cf.
499 4582 750 4636 Commentationes
770 4581 798 4634 in
817 4581 948 4636 honorem
958 4581 1091 4637 Guilelmi
1101 4581 1272 4636 Studemund
1283 4583 1439 4649 (Angenior.
1451 4578 1537 4648 1888)

307 4688 333 4739 p.
353 4671 405 4724 249
424 4688 483 4737 sqq.
