<?xml version="1.0" encoding="UTF-8"?>
<!DOCTYPE html PUBLIC "-//W3C//DTD XHTML 1.0 Transitional//EN"
    "http://www.w3.org/TR/xhtml1/DTD/xhtml1-transitional.dtd">
<html xmlns="http://www.w3.org/1999/xhtml" xml:lang="en" lang="en">
 <head>
  <title>
</title>
<meta http-equiv="Content-Type" content="text/html;charset=utf-8" />
  <meta name='ocr-system' content='tesseract 3.04.00' />
  <meta name='ocr-capabilities' content='ocr_page ocr_carea ocr_par ocr_line ocrx_word'/>
</head>
<body>
  <div class='ocr_page' id='page_1' title='image "./detacitosenecae00zimmgoog_0041.png"; bbox 0 0 3459 5200; ppageno 0'>
   <div class='ocr_carea' id='block_1_1' title="bbox 987 487 1030 551">
    <p class='ocr_par' dir='ltr' id='par_1_1' title="bbox 987 487 1030 551">
     <span class='ocr_line' id='line_1_1' title="bbox 987 487 1030 551; baseline -0.023 0"><span class='ocrx_word' id='word_1_1' title='bbox 987 487 1030 551; x_wconf 75' lang='lat'><strong>28</strong></span> 
     </span>
    </p>
   </div>
   <div class='ocr_carea' id='block_1_2' title="bbox 394 681 1621 1178">
    <p class='ocr_par' dir='ltr' id='par_1_2' title="bbox 395 681 1621 874">
     <span class='ocr_line' id='line_1_2' title="bbox 484 681 1621 767; baseline 0 -21"><span class='ocrx_word' id='word_1_2' title='bbox 484 682 522 750; x_wconf 83' lang='grc' dir='ltr'><strong>Τ.</strong></span> <span class='ocrx_word' id='word_1_3' title='bbox 539 681 620 748; x_wconf 81' lang='lat' dir='ltr'><strong>Ann.</strong></span> <span class='ocrx_word' id='word_1_4' title='bbox 640 681 656 747; x_wconf 94' lang='lat' dir='ltr'>I</span> <span class='ocrx_word' id='word_1_5' title='bbox 674 684 723 750; x_wconf 83' lang='lat'><strong>13.</strong></span> <span class='ocrx_word' id='word_1_6' title='bbox 742 685 796 748; x_wconf 80' lang='lat'><strong>17:</strong></span> <span class='ocrx_word' id='word_1_7' title='bbox 821 681 853 747; x_wconf 92' lang='lat' dir='ltr'><strong>in</strong></span> <span class='ocrx_word' id='word_1_8' title='bbox 877 681 1044 748; x_wconf 85' lang='lat' dir='ltr'><strong>Haterium</strong></span> <span class='ocrx_word' id='word_1_9' title='bbox 1067 683 1178 747; x_wconf 87' lang='lat' dir='ltr'><strong>statim</strong></span> <span class='ocrx_word' id='word_1_10' title='bbox 1200 682 1346 749; x_wconf 83' lang='lat' dir='ltr'><strong>inuectus</strong></span> <span class='ocrx_word' id='word_1_11' title='bbox 1370 690 1435 764; x_wconf 70' lang='lat' dir='ltr'><strong>est,</strong></span> <span class='ocrx_word' id='word_1_12' title='bbox 1455 683 1621 767; x_wconf 82' lang='lat' dir='ltr'><strong>Scaurum,</strong></span> 
     </span>
     <span class='ocr_line' id='line_1_3' title="bbox 395 788 1261 874; baseline 0.003 -20"><span class='ocrx_word' id='word_1_13' title='bbox 395 789 447 854; x_wconf 90' lang='lat' dir='ltr'><strong>eni</strong></span> <span class='ocrx_word' id='word_1_14' title='bbox 469 788 698 874; x_wconf 80' lang='lat' dir='ltr'><strong>inplacabilius</strong></span> <span class='ocrx_word' id='word_1_15' title='bbox 722 789 932 869; x_wconf 78' lang='lat' dir='ltr'><strong>irascebatur,</strong></span> <span class='ocrx_word' id='word_1_16' title='bbox 957 788 1086 855; x_wconf 90' lang='lat' dir='ltr'><strong>silentio</strong></span> <span class='ocrx_word' id='word_1_17' title='bbox 1110 790 1261 857; x_wconf 82' lang='lat' dir='ltr'><strong>tramisit.</strong></span> 
     </span>
    </p>

    <p class='ocr_par' dir='ltr' id='par_1_3' title="bbox 394 895 1618 1178">
     <span class='ocr_line' id='line_1_4' title="bbox 484 895 1618 982; baseline 0.001 -21"><span class='ocrx_word' id='word_1_18' title='bbox 484 897 517 964; x_wconf 88' lang='lat' dir='ltr'><strong>S.</strong></span> <span class='ocrx_word' id='word_1_19' title='bbox 543 895 584 962; x_wconf 89' lang='lat' dir='ltr'><strong>de</strong></span> <span class='ocrx_word' id='word_1_20' title='bbox 608 896 718 961; x_wconf 85' lang='lat' dir='ltr'><strong>morib.</strong></span> <span class='ocrx_word' id='word_1_21' title='bbox 743 897 785 963; x_wconf 83' lang='lat'><strong>52</strong></span> <span class='ocrx_word' id='word_1_22' title='bbox 805 896 946 980; x_wconf 88' lang='lat' dir='ltr'><strong>(Seneca</strong></span> <span class='ocrx_word' id='word_1_23' title='bbox 961 896 1008 962; x_wconf 91' lang='lat' dir='ltr'><strong>lll</strong></span> <span class='ocrx_word' id='word_1_24' title='bbox 1021 918 1053 982; x_wconf 80' lang='lat' dir='ltr'><strong>p.</strong></span> <span class='ocrx_word' id='word_1_25' title='bbox 1068 898 1134 964; x_wconf 86' lang='grc'><strong>464</strong></span> <span class='ocrx_word' id='word_1_26' title='bbox 1153 897 1294 976; x_wconf 62' lang='lat' dir='ltr'><strong>Bassam</strong></span> <span class='ocrx_word' id='word_1_27' title='bbox 1315 897 1428 962; x_wconf 84' lang='lat' dir='ltr'><strong>Priora</strong></span> <span class='ocrx_word' id='word_1_28' title='bbox 1443 903 1517 964; x_wconf 89' lang='lat' dir='ltr'><strong>suut</strong></span> <span class='ocrx_word' id='word_1_29' title='bbox 1531 904 1618 962; x_wconf 88' lang='lat' dir='ltr'><strong>tecta</strong></span> 
     </span>
     <span class='ocr_line' id='line_1_5' title="bbox 394 1002 1618 1089; baseline 0.002 -21"><span class='ocrx_word' id='word_1_30' title='bbox 394 1002 471 1068; x_wconf 89' lang='lat' dir='ltr'><strong>odia</strong></span> <span class='ocrx_word' id='word_1_31' title='bbox 495 1023 591 1088; x_wconf 85' lang='lat' dir='ltr'><strong>quem</strong></span> <span class='ocrx_word' id='word_1_32' title='bbox 615 1009 738 1087; x_wconf 90' lang='lat' dir='ltr'><strong>aperta.</strong></span> <span class='ocrx_word' id='word_1_33' title='bbox 763 1003 874 1087; x_wconf 87' lang='lat' dir='ltr'><strong>itaque</strong></span> <span class='ocrx_word' id='word_1_34' title='bbox 897 1011 930 1070; x_wconf 92' lang='lat' dir='ltr'><strong>te</strong></span> <span class='ocrx_word' id='word_1_35' title='bbox 952 1003 1057 1070; x_wconf 89' lang='lat' dir='ltr'><strong>minus</strong></span> <span class='ocrx_word' id='word_1_36' title='bbox 1075 1004 1195 1088; x_wconf 84' lang='lat' dir='ltr'><strong>loquax</strong></span> <span class='ocrx_word' id='word_1_37' title='bbox 1213 1003 1361 1070; x_wconf 89' lang='lat' dir='ltr'><strong>inimicus</strong></span> <span class='ocrx_word' id='word_1_38' title='bbox 1376 1003 1509 1070; x_wconf 84' lang='lat' dir='ltr'><strong>offendit</strong></span> <span class='ocrx_word' id='word_1_39' title='bbox 1522 1025 1618 1089; x_wconf 91' lang='lat' dir='ltr'><strong>quam</strong></span> 
     </span>
     <span class='ocr_line' id='line_1_6' title="bbox 394 1110 522 1178; baseline 0.031 -4"><span class='ocrx_word' id='word_1_40' title='bbox 394 1110 522 1178; x_wconf 78' lang='lat' dir='ltr'><strong>tacitus</strong></span> 
     </span>
    </p>
   </div>
   <div class='ocr_carea' id='block_1_3' title="bbox 292 1324 1617 2268">
    <p class='ocr_par' dir='ltr' id='par_1_4' title="bbox 392 1324 1616 1626">
     <span class='ocr_line' id='line_1_7' title="bbox 482 1324 1616 1411; baseline 0.003 -21"><span class='ocrx_word' id='word_1_41' title='bbox 482 1326 518 1390; x_wconf 87' lang='lat' dir='ltr'><strong>T.</strong></span> <span class='ocrx_word' id='word_1_42' title='bbox 545 1327 626 1390; x_wconf 75' lang='lat' dir='ltr'><strong>Auri.</strong></span> <span class='ocrx_word' id='word_1_43' title='bbox 653 1326 733 1393; x_wconf 83' lang='lat'><strong>133.</strong></span> <span class='ocrx_word' id='word_1_44' title='bbox 754 1327 786 1390; x_wconf 85' lang='lat'><strong>1:</strong></span> <span class='ocrx_word' id='word_1_45' title='bbox 811 1327 940 1390; x_wconf 84' lang='lat' dir='ltr'><strong>Interea</strong></span> <span class='ocrx_word' id='word_1_46' title='bbox 955 1324 1147 1391; x_wconf 82' lang='lat' dir='ltr'><strong>Germanico</strong></span> <span class='ocrx_word' id='word_1_47' title='bbox 1170 1346 1229 1411; x_wconf 90' lang='lat' dir='ltr'><strong>per</strong></span> <span class='ocrx_word' id='word_1_48' title='bbox 1248 1325 1385 1411; x_wconf 89' lang='lat' dir='ltr'><strong>Gallias,</strong></span> <span class='ocrx_word' id='word_1_49' title='bbox 1409 1333 1445 1392; x_wconf 92' lang='lat' dir='ltr'><strong>ut</strong></span> <span class='ocrx_word' id='word_1_50' title='bbox 1466 1325 1616 1411; x_wconf 84' lang='lat' dir='ltr'><strong>diximus,</strong></span> 
     </span>
     <span class='ocr_line' id='line_1_8' title="bbox 393 1431 1616 1519; baseline 0.002 -22"><span class='ocrx_word' id='word_1_51' title='bbox 393 1453 510 1498; x_wconf 87' lang='lat' dir='ltr'><strong>census</strong></span> <span class='ocrx_word' id='word_1_52' title='bbox 547 1432 719 1518; x_wconf 81' lang='lat' dir='ltr'><strong>accipienti</strong></span> <span class='ocrx_word' id='word_1_53' title='bbox 755 1432 939 1500; x_wconf 85' lang='lat' dir='ltr'><strong>excessisse</strong></span> <span class='ocrx_word' id='word_1_54' title='bbox 971 1432 1151 1515; x_wconf 84' lang='lat' dir='ltr'><strong>Augustum</strong></span> <span class='ocrx_word' id='word_1_55' title='bbox 1189 1431 1342 1500; x_wconf 83' lang='lat' dir='ltr'><strong>adfertur.</strong></span> <span class='ocrx_word' id='word_1_56' title='bbox 1381 1439 1510 1519; x_wconf 85' lang='lat' dir='ltr'><strong>neptem</strong></span> <span class='ocrx_word' id='word_1_57' title='bbox 1547 1435 1616 1500; x_wconf 89' lang='lat' dir='ltr'><strong>eius</strong></span> 
     </span>
     <span class='ocr_line' id='line_1_9' title="bbox 392 1539 1616 1626; baseline 0.002 -22"><span class='ocrx_word' id='word_1_58' title='bbox 392 1539 603 1625; x_wconf 83' lang='lat' dir='ltr'><strong>Agrippinam</strong></span> <span class='ocrx_word' id='word_1_59' title='bbox 629 1540 661 1605; x_wconf 90' lang='lat' dir='ltr'><strong>in</strong></span> <span class='ocrx_word' id='word_1_60' title='bbox 684 1540 886 1606; x_wconf 87' lang='lat' dir='ltr'><strong>matrimonio</strong></span> <span class='ocrx_word' id='word_1_61' title='bbox 909 1539 1083 1625; x_wconf 90' lang='lat' dir='ltr'><strong>pluresque</strong></span> <span class='ocrx_word' id='word_1_62' title='bbox 1107 1560 1147 1605; x_wconf 89' lang='lat' dir='ltr'><strong>ex</strong></span> <span class='ocrx_word' id='word_1_63' title='bbox 1170 1560 1211 1606; x_wconf 87' lang='lat' dir='ltr'><strong>ea</strong></span> <span class='ocrx_word' id='word_1_64' title='bbox 1234 1541 1353 1607; x_wconf 87' lang='lat' dir='ltr'><strong>liberos</strong></span> <span class='ocrx_word' id='word_1_65' title='bbox 1376 1540 1527 1625; x_wconf 89' lang='lat' dir='ltr'><strong>habebat,</strong></span> <span class='ocrx_word' id='word_1_66' title='bbox 1545 1540 1616 1626; x_wconf 90' lang='lat' dir='ltr'><strong>ipse</strong></span> 
     </span>
    </p>

    <p class='ocr_par' dir='ltr' id='par_1_5' title="bbox 292 1647 1616 1840">
     <span class='ocr_line' id='line_1_10' title="bbox 391 1647 1616 1732; baseline 0.002 -21"><span class='ocrx_word' id='word_1_67' title='bbox 391 1647 498 1713; x_wconf 88' lang='lat' dir='ltr'><strong>Druso</strong></span> <span class='ocrx_word' id='word_1_68' title='bbox 524 1647 622 1713; x_wconf 84' lang='lat' dir='ltr'><strong>tratre</strong></span> <span class='ocrx_word' id='word_1_69' title='bbox 640 1647 762 1714; x_wconf 85' lang='lat' dir='ltr'><strong>Tiberii</strong></span> <span class='ocrx_word' id='word_1_70' title='bbox 787 1647 925 1732; x_wconf 76' lang='lat' dir='ltr'><strong>genitus,</strong></span> <span class='ocrx_word' id='word_1_71' title='bbox 945 1647 1113 1730; x_wconf 79' lang='lat' dir='ltr'><strong>Augustae</strong></span> <span class='ocrx_word' id='word_1_72' title='bbox 1135 1667 1246 1732; x_wconf 88' lang='lat' dir='ltr'><strong>nepos,</strong></span> <span class='ocrx_word' id='word_1_73' title='bbox 1268 1653 1318 1714; x_wconf 89' lang='lat' dir='ltr'><strong>set</strong></span> <span class='ocrx_word' id='word_1_74' title='bbox 1341 1648 1458 1714; x_wconf 85' lang='lat' dir='ltr'><strong>anxius</strong></span> <span class='ocrx_word' id='word_1_75' title='bbox 1481 1648 1616 1714; x_wconf 88' lang='lat' dir='ltr'><strong>occultis</strong></span> 
     </span>
     <span class='ocr_line' id='line_1_11' title="bbox 292 1739 1613 1840; baseline 0.002 -22"><span class='ocrx_word' id='word_1_76' title='bbox 292 1739 295 1744; x_wconf 24' lang='lat'>¹</span> <span class='ocrx_word' id='word_1_77' title='bbox 391 1753 425 1818; x_wconf 93' lang='lat' dir='ltr'><strong>in</strong></span> <span class='ocrx_word' id='word_1_78' title='bbox 448 1775 484 1820; x_wconf 88' lang='lat' dir='ltr'><strong>se</strong></span> <span class='ocrx_word' id='word_1_79' title='bbox 506 1754 615 1840; x_wconf 88' lang='lat' dir='ltr'><strong>patrui</strong></span> <span class='ocrx_word' id='word_1_80' title='bbox 637 1754 796 1839; x_wconf 86' lang='lat' dir='ltr'><strong>aviaeque</strong></span> <span class='ocrx_word' id='word_1_81' title='bbox 820 1757 908 1836; x_wconf 73' lang='lat' dir='ltr'><strong>odies,</strong></span> <span class='ocrx_word' id='word_1_82' title='bbox 933 1777 1063 1838; x_wconf 77' lang='lat' dir='ltr'><strong>quomam</strong></span> <span class='ocrx_word' id='word_1_83' title='bbox 1086 1777 1197 1820; x_wconf 87' lang='lat' dir='ltr'><strong>causae</strong></span> <span class='ocrx_word' id='word_1_84' title='bbox 1219 1759 1365 1839; x_wconf 82' lang='lat' dir='ltr'><strong>acriores,</strong></span> <span class='ocrx_word' id='word_1_85' title='bbox 1388 1759 1461 1839; x_wconf 83' lang='lat' dir='ltr'><strong>qaia</strong></span> <span class='ocrx_word' id='word_1_86' title='bbox 1483 1759 1613 1840; x_wconf 76' lang='lat' dir='ltr'><strong>iaiqrrae.</strong></span> 
     </span>
    </p>

    <p class='ocr_par' dir='ltr' id='par_1_6' title="bbox 389 1861 1617 2268">
     <span class='ocr_line' id='line_1_12' title="bbox 481 1861 1615 1948; baseline 0.002 -21"><span class='ocrx_word' id='word_1_87' title='bbox 481 1863 514 1929; x_wconf 87' lang='lat' dir='ltr'><strong>S.</strong></span> <span class='ocrx_word' id='word_1_88' title='bbox 544 1861 585 1928; x_wconf 93' lang='lat' dir='ltr'><strong>de</strong></span> <span class='ocrx_word' id='word_1_89' title='bbox 608 1861 658 1928; x_wconf 84' lang='lat' dir='ltr'><strong>ira</strong></span> <span class='ocrx_word' id='word_1_90' title='bbox 681 1861 795 1929; x_wconf 80' lang='lat'>11129.</span> <span class='ocrx_word' id='word_1_91' title='bbox 821 1864 856 1929; x_wconf 78' lang='lat'><strong>2:</strong></span> <span class='ocrx_word' id='word_1_92' title='bbox 886 1861 1034 1946; x_wconf 84' lang='lat' dir='ltr'><strong>quamvis</strong></span> <span class='ocrx_word' id='word_1_93' title='bbox 1061 1882 1147 1926; x_wconf 85' lang='lat' dir='ltr'><strong>vana</strong></span> <span class='ocrx_word' id='word_1_94' title='bbox 1178 1881 1237 1927; x_wconf 88' lang='lat' dir='ltr'><strong>nos</strong></span> <span class='ocrx_word' id='word_1_95' title='bbox 1270 1862 1510 1941; x_wconf 88' lang='lat' dir='ltr'><strong>concitaverint,</strong></span> <span class='ocrx_word' id='word_1_96' title='bbox 1544 1884 1615 1948; x_wconf 87' lang='lat' dir='ltr'><strong>per-</strong></span> 
     </span>
     <span class='ocr_line' id='line_1_13' title="bbox 391 1968 1616 2054; baseline 0 -18"><span class='ocrx_word' id='word_1_97' title='bbox 391 1989 586 2054; x_wconf 85' lang='lat' dir='ltr'><strong>severemus,</strong></span> <span class='ocrx_word' id='word_1_98' title='bbox 609 1990 649 2035; x_wconf 91' lang='lat' dir='ltr'><strong>ue</strong></span> <span class='ocrx_word' id='word_1_99' title='bbox 669 1969 836 2036; x_wconf 87' lang='lat' dir='ltr'><strong>videamur</strong></span> <span class='ocrx_word' id='word_1_100' title='bbox 854 1970 1003 2054; x_wconf 87' lang='lat' dir='ltr'><strong>coepisse</strong></span> <span class='ocrx_word' id='word_1_101' title='bbox 1017 1968 1088 2034; x_wconf 92' lang='lat' dir='ltr'><strong>sine</strong></span> <span class='ocrx_word' id='word_1_102' title='bbox 1102 1991 1205 2050; x_wconf 82' lang='lat' dir='ltr'><strong>eausa,</strong></span> <span class='ocrx_word' id='word_1_103' title='bbox 1221 1975 1262 2053; x_wconf 81' lang='lat' dir='ltr'><strong>et,</strong></span> <span class='ocrx_word' id='word_1_104' title='bbox 1278 1968 1365 2052; x_wconf 91' lang='lat' dir='ltr'><strong>quod</strong></span> <span class='ocrx_word' id='word_1_105' title='bbox 1379 1969 1616 2052; x_wconf 85' lang='lat' dir='ltr'><strong>iniquissimum</strong></span> 
     </span>
     <span class='ocr_line' id='line_1_14' title="bbox 390 2076 1617 2161; baseline 0.002 -20"><span class='ocrx_word' id='word_1_106' title='bbox 390 2083 449 2160; x_wconf 90' lang='lat' dir='ltr'><strong>est,</strong></span> <span class='ocrx_word' id='word_1_107' title='bbox 467 2080 690 2161; x_wconf 77' lang='lat' dir='ltr'><strong>pertinaciores</strong></span> <span class='ocrx_word' id='word_1_108' title='bbox 713 2100 768 2142; x_wconf 87' lang='lat' dir='ltr'><strong>aas</strong></span> <span class='ocrx_word' id='word_1_109' title='bbox 785 2081 867 2161; x_wconf 76' lang='lat' dir='ltr'><strong>feroit</strong></span> <span class='ocrx_word' id='word_1_110' title='bbox 889 2080 1033 2160; x_wconf 76' lang='lat' dir='ltr'><strong>iaipritas</strong></span> <span class='ocrx_word' id='word_1_111' title='bbox 1055 2079 1135 2158; x_wconf 89' lang='lat' dir='ltr'><strong>irae,·</strong></span> <span class='ocrx_word' id='word_1_112' title='bbox 1158 2076 1332 2142; x_wconf 87' lang='lat' dir='ltr'><strong>retinemus</strong></span> <span class='ocrx_word' id='word_1_113' title='bbox 1357 2076 1442 2142; x_wconf 88' lang='lat' dir='ltr'><strong>euim</strong></span> <span class='ocrx_word' id='word_1_114' title='bbox 1465 2077 1556 2142; x_wconf 88' lang='lat' dir='ltr'><strong>illam</strong></span> <span class='ocrx_word' id='word_1_115' title='bbox 1585 2086 1617 2144; x_wconf 89' lang='lat' dir='ltr'><strong>et</strong></span> 
     </span>
     <span class='ocr_line' id='line_1_15' title="bbox 389 2182 1557 2268; baseline 0.003 -20"><span class='ocrx_word' id='word_1_116' title='bbox 389 2205 545 2267; x_wconf 74' lang='lat' dir='ltr'><strong>aupemus,</strong></span> <span class='ocrx_word' id='word_1_117' title='bbox 570 2182 663 2268; x_wconf 88' lang='lat' dir='ltr'><strong>quasi</strong></span> <span class='ocrx_word' id='word_1_118' title='bbox 687 2191 910 2268; x_wconf 63' lang='lat' dir='ltr'><strong>armentum</strong></span> <span class='ocrx_word' id='word_1_119' title='bbox 933 2183 977 2250; x_wconf 90' lang='lat' dir='ltr'><strong>sit</strong></span> <span class='ocrx_word' id='word_1_120' title='bbox 998 2182 1083 2250; x_wconf 89' lang='lat' dir='ltr'><strong>iuste</strong></span> <span class='ocrx_word' id='word_1_121' title='bbox 1106 2183 1277 2250; x_wconf 86' lang='lat' dir='ltr'><strong>irascentis</strong></span> <span class='ocrx_word' id='word_1_122' title='bbox 1297 2188 1432 2267; x_wconf 78' lang='lat' dir='ltr'><strong>praviter</strong></span> <span class='ocrx_word' id='word_1_123' title='bbox 1454 2188 1557 2251; x_wconf 85' lang='lat' dir='ltr'><strong>irasci.</strong></span> 
     </span>
    </p>
   </div>
   <div class='ocr_carea' id='block_1_4' title="bbox 389 2397 1614 2592">
    <p class='ocr_par' dir='ltr' id='par_1_7' title="bbox 389 2397 1614 2592">
     <span class='ocr_line' id='line_1_16' title="bbox 478 2397 1613 2478; baseline 0.002 -15"><span class='ocrx_word' id='word_1_124' title='bbox 478 2398 517 2466; x_wconf 85' lang='lat' dir='ltr'><strong>T.</strong></span> <span class='ocrx_word' id='word_1_125' title='bbox 540 2398 623 2466; x_wconf 82' lang='lat' dir='ltr'><strong>Anu.</strong></span> <span class='ocrx_word' id='word_1_126' title='bbox 647 2398 763 2467; x_wconf 83' lang='lat'><em>11126.</em></span> <span class='ocrx_word' id='word_1_127' title='bbox 791 2401 823 2464; x_wconf 85' lang='lat' dir='ltr'><strong>l:</strong></span> <span class='ocrx_word' id='word_1_128' title='bbox 843 2400 1046 2465; x_wconf 73' lang='lat' dir='ltr'><strong>Vetustissimi</strong></span> <span class='ocrx_word' id='word_1_129' title='bbox 1067 2399 1252 2478; x_wconf 79' lang='lat' dir='ltr'><strong>mortalium,</strong></span> <span class='ocrx_word' id='word_1_130' title='bbox 1281 2397 1371 2462; x_wconf 89' lang='lat' dir='ltr'><strong>nulla</strong></span> <span class='ocrx_word' id='word_1_131' title='bbox 1394 2397 1502 2464; x_wconf 88' lang='lat' dir='ltr'><strong>adbuc</strong></span> <span class='ocrx_word' id='word_1_132' title='bbox 1525 2400 1613 2466; x_wconf 86' lang='lat' dir='ltr'><strong>mala</strong></span> 
     </span>
     <span class='ocr_line' id='line_1_17' title="bbox 389 2503 1614 2592; baseline 0.002 -22"><span class='ocrx_word' id='word_1_133' title='bbox 389 2504 532 2592; x_wconf 90' lang='lat' dir='ltr'><strong>libidine,</strong></span> <span class='ocrx_word' id='word_1_134' title='bbox 556 2505 626 2572; x_wconf 89' lang='lat' dir='ltr'><strong>siue</strong></span> <span class='ocrx_word' id='word_1_135' title='bbox 648 2506 775 2590; x_wconf 75' lang='lat' dir='ltr'><strong>probro,</strong></span> <span class='ocrx_word' id='word_1_136' title='bbox 801 2505 924 2572; x_wconf 90' lang='lat' dir='ltr'><strong>scelere</strong></span> <span class='ocrx_word' id='word_1_137' title='bbox 948 2524 1050 2587; x_wconf 89' lang='lat' dir='ltr'><strong>eoque</strong></span> <span class='ocrx_word' id='word_1_138' title='bbox 1074 2503 1144 2570; x_wconf 93' lang='lat' dir='ltr'><strong>siue</strong></span> <span class='ocrx_word' id='word_1_139' title='bbox 1164 2524 1272 2590; x_wconf 89' lang='lat' dir='ltr'><strong>poena</strong></span> <span class='ocrx_word' id='word_1_140' title='bbox 1291 2511 1348 2570; x_wconf 86' lang='lat' dir='ltr'><strong>aut</strong></span> <span class='ocrx_word' id='word_1_141' title='bbox 1367 2506 1614 2572; x_wconf 86' lang='lat' dir='ltr'><strong>coercitionibus</strong></span> 
     </span>
    </p>
   </div>
   <div class='ocr_carea' id='block_1_5' title="bbox 385 2611 1613 4847">
    <p class='ocr_par' dir='ltr' id='par_1_8' title="bbox 388 2611 1613 3771">
     <span class='ocr_line' id='line_1_18' title="bbox 390 2611 1612 2699; baseline 0.001 -19"><span class='ocrx_word' id='word_1_142' title='bbox 390 2615 541 2697; x_wconf 86' lang='lat' dir='ltr'><strong>agebant.</strong></span> <span class='ocrx_word' id='word_1_143' title='bbox 570 2634 674 2698; x_wconf 90' lang='lat' dir='ltr'><strong>neque</strong></span> <span class='ocrx_word' id='word_1_144' title='bbox 704 2613 857 2698; x_wconf 89' lang='lat' dir='ltr'><strong>praemiis</strong></span> <span class='ocrx_word' id='word_1_145' title='bbox 881 2633 962 2699; x_wconf 90' lang='lat' dir='ltr'><strong>opus</strong></span> <span class='ocrx_word' id='word_1_146' title='bbox 986 2621 1063 2696; x_wconf 86' lang='lat' dir='ltr'><strong>orat,</strong></span> <span class='ocrx_word' id='word_1_147' title='bbox 1095 2633 1167 2679; x_wconf 92' lang='lat' dir='ltr'><strong>cum</strong></span> <span class='ocrx_word' id='word_1_148' title='bbox 1195 2611 1332 2698; x_wconf 84' lang='lat' dir='ltr'><strong>honesta</strong></span> <span class='ocrx_word' id='word_1_149' title='bbox 1359 2623 1466 2698; x_wconf 82' lang='lat' dir='ltr'><strong>suapte</strong></span> <span class='ocrx_word' id='word_1_150' title='bbox 1492 2619 1612 2698; x_wconf 75' lang='lat' dir='ltr'><strong>inperio</strong></span> 
     </span>
     <span class='ocr_line' id='line_1_19' title="bbox 389 2720 1611 2807; baseline 0.001 -20"><span class='ocrx_word' id='word_1_151' title='bbox 389 2727 586 2807; x_wconf 87' lang='lat' dir='ltr'><strong>peterentur;</strong></span> <span class='ocrx_word' id='word_1_152' title='bbox 611 2730 639 2787; x_wconf 90' lang='lat' dir='ltr'><strong>et</strong></span> <span class='ocrx_word' id='word_1_153' title='bbox 661 2724 713 2786; x_wconf 84' lang='lat' dir='ltr'><strong>abi</strong></span> <span class='ocrx_word' id='word_1_154' title='bbox 739 2724 820 2786; x_wconf 81' lang='lat' dir='ltr'><strong>ailril</strong></span> <span class='ocrx_word' id='word_1_155' title='bbox 842 2730 950 2787; x_wconf 82' lang='lat' dir='ltr'><strong>caetra</strong></span> <span class='ocrx_word' id='word_1_156' title='bbox 973 2742 1090 2787; x_wconf 87' lang='lat' dir='ltr'><strong>morem</strong></span> <span class='ocrx_word' id='word_1_157' title='bbox 1113 2730 1266 2805; x_wconf 84' lang='lat' dir='ltr'><strong>caperent,</strong></span> <span class='ocrx_word' id='word_1_158' title='bbox 1291 2720 1370 2785; x_wconf 89' lang='lat' dir='ltr'><strong>nibil</strong></span> <span class='ocrx_word' id='word_1_159' title='bbox 1403 2742 1461 2805; x_wconf 88' lang='lat' dir='ltr'><strong>per</strong></span> <span class='ocrx_word' id='word_1_160' title='bbox 1492 2730 1611 2788; x_wconf 89' lang='lat' dir='ltr'><strong>metum</strong></span> 
     </span>
     <span class='ocr_line' id='line_1_20' title="bbox 388 2827 1613 2915; baseline 0.002 -21"><span class='ocrx_word' id='word_1_161' title='bbox 388 2830 589 2895; x_wconf 84' lang='lat' dir='ltr'><strong>vetabantur.</strong></span> <span class='ocrx_word' id='word_1_162' title='bbox 613 2838 645 2893; x_wconf 92' lang='lat' dir='ltr'><strong>at</strong></span> <span class='ocrx_word' id='word_1_163' title='bbox 663 2837 827 2913; x_wconf 83' lang='lat' dir='ltr'><strong>postquam</strong></span> <span class='ocrx_word' id='word_1_164' title='bbox 852 2828 926 2893; x_wconf 90' lang='lat' dir='ltr'><strong>exui</strong></span> <span class='ocrx_word' id='word_1_165' title='bbox 950 2828 1133 2911; x_wconf 84' lang='lat' dir='ltr'><strong>aequalitas</strong></span> <span class='ocrx_word' id='word_1_166' title='bbox 1157 2834 1189 2892; x_wconf 91' lang='lat' dir='ltr'><strong>et</strong></span> <span class='ocrx_word' id='word_1_167' title='bbox 1216 2847 1274 2911; x_wconf 91' lang='lat' dir='ltr'><strong>pro</strong></span> <span class='ocrx_word' id='word_1_168' title='bbox 1298 2827 1459 2894; x_wconf 87' lang='lat' dir='ltr'><strong>modestia</strong></span> <span class='ocrx_word' id='word_1_169' title='bbox 1488 2849 1529 2895; x_wconf 91' lang='lat' dir='ltr'><strong>ac</strong></span> <span class='ocrx_word' id='word_1_170' title='bbox 1558 2852 1613 2915; x_wconf 92' lang='lat' dir='ltr'><strong>pu-</strong></span> 
     </span>
     <span class='ocr_line' id='line_1_21' title="bbox 389 2934 1612 3021; baseline 0.002 -20"><span class='ocrx_word' id='word_1_171' title='bbox 389 2936 468 3003; x_wconf 88' lang='lat' dir='ltr'><strong>dore</strong></span> <span class='ocrx_word' id='word_1_172' title='bbox 490 2934 623 3001; x_wconf 90' lang='lat' dir='ltr'><strong>ambitio</strong></span> <span class='ocrx_word' id='word_1_173' title='bbox 647 2941 680 3001; x_wconf 91' lang='lat' dir='ltr'><strong>et</strong></span> <span class='ocrx_word' id='word_1_174' title='bbox 702 2934 752 3001; x_wconf 91' lang='lat' dir='ltr'><strong>vis</strong></span> <span class='ocrx_word' id='word_1_175' title='bbox 776 2934 957 3021; x_wconf 89' lang='lat' dir='ltr'><strong>incedebat,</strong></span> <span class='ocrx_word' id='word_1_176' title='bbox 979 2955 1156 3020; x_wconf 90' lang='lat' dir='ltr'><strong>provenere</strong></span> <span class='ocrx_word' id='word_1_177' title='bbox 1179 2938 1402 3001; x_wconf 67' lang='lat' dir='ltr'><strong>contributiones</strong></span> <span class='ocrx_word' id='word_1_178' title='bbox 1430 2936 1612 3021; x_wconf 88' lang='lat' dir='ltr'><strong>multosque</strong></span> 
     </span>
     <span class='ocr_line' id='line_1_22' title="bbox 389 3041 1612 3129; baseline 0.001 -20"><span class='ocrx_word' id='word_1_179' title='bbox 389 3044 475 3129; x_wconf 87' lang='lat' dir='ltr'><strong>apud</strong></span> <span class='ocrx_word' id='word_1_180' title='bbox 503 3042 641 3129; x_wconf 91' lang='lat' dir='ltr'><strong>populos</strong></span> <span class='ocrx_word' id='word_1_181' title='bbox 669 3048 834 3108; x_wconf 90' lang='lat' dir='ltr'><strong>aeternum</strong></span> <span class='ocrx_word' id='word_1_182' title='bbox 861 3063 1019 3109; x_wconf 87' lang='lat' dir='ltr'><strong>mansere.</strong></span> <span class='ocrx_word' id='word_1_183' title='bbox 1049 3041 1181 3126; x_wconf 89' lang='lat' dir='ltr'><strong>quidam</strong></span> <span class='ocrx_word' id='word_1_184' title='bbox 1208 3041 1327 3128; x_wconf 89' lang='lat' dir='ltr'><strong>statim,</strong></span> <span class='ocrx_word' id='word_1_185' title='bbox 1356 3049 1413 3108; x_wconf 89' lang='lat' dir='ltr'><strong>aut</strong></span> <span class='ocrx_word' id='word_1_186' title='bbox 1441 3050 1612 3128; x_wconf 91' lang='lat' dir='ltr'><strong>postquam</strong></span> 
     </span>
     <span class='ocr_line' id='line_1_23' title="bbox 388 3148 1612 3238; baseline 0.001 -22"><span class='ocrx_word' id='word_1_187' title='bbox 388 3174 492 3235; x_wconf 81' lang='lat' dir='ltr'><strong>repam</strong></span> <span class='ocrx_word' id='word_1_188' title='bbox 516 3158 711 3238; x_wconf 86' lang='lat' dir='ltr'><strong>pertaesum,</strong></span> <span class='ocrx_word' id='word_1_189' title='bbox 744 3154 821 3235; x_wconf 79' lang='lat' dir='ltr'><strong>tepea</strong></span> <span class='ocrx_word' id='word_1_190' title='bbox 844 3154 1024 3217; x_wconf 75' lang='lat' dir='ltr'><strong>reclamem.</strong></span> <span class='ocrx_word' id='word_1_191' title='bbox 1056 3149 1118 3216; x_wconf 90' lang='lat' dir='ltr'><strong>hae</strong></span> <span class='ocrx_word' id='word_1_192' title='bbox 1149 3149 1251 3235; x_wconf 91' lang='lat' dir='ltr'><strong>primo</strong></span> <span class='ocrx_word' id='word_1_193' title='bbox 1284 3148 1418 3216; x_wconf 91' lang='lat' dir='ltr'><strong>rudibus</strong></span> <span class='ocrx_word' id='word_1_194' title='bbox 1450 3150 1612 3217; x_wconf 90' lang='lat' dir='ltr'><strong>hominurn</strong></span> 
     </span>
     <span class='ocr_line' id='line_1_24' title="bbox 389 3256 1612 3344; baseline 0.002 -21"><span class='ocrx_word' id='word_1_195' title='bbox 389 3259 505 3327; x_wconf 89' lang='lat' dir='ltr'><strong>animis</strong></span> <span class='ocrx_word' id='word_1_196' title='bbox 532 3262 684 3344; x_wconf 82' lang='lat' dir='ltr'><strong>simplices</strong></span> <span class='ocrx_word' id='word_1_197' title='bbox 712 3265 819 3342; x_wconf 79' lang='lat' dir='ltr'><strong>erant3</strong></span> <span class='ocrx_word' id='word_1_198' title='bbox 852 3258 1055 3340; x_wconf 89' lang='lat' dir='ltr'><strong>maximeque</strong></span> <span class='ocrx_word' id='word_1_199' title='bbox 1084 3256 1172 3321; x_wconf 86' lang='lat' dir='ltr'><strong>sama</strong></span> <span class='ocrx_word' id='word_1_200' title='bbox 1199 3257 1375 3322; x_wconf 88' lang='lat' dir='ltr'><strong>celebravit</strong></span> <span class='ocrx_word' id='word_1_201' title='bbox 1401 3256 1612 3343; x_wconf 83' lang='lat' dir='ltr'><strong>Cretensium,</strong></span> 
     </span>
     <span class='ocr_line' id='line_1_25' title="bbox 389 3366 1613 3452; baseline 0.001 -22"><span class='ocrx_word' id='word_1_202' title='bbox 389 3386 470 3449; x_wconf 86' lang='lat' dir='ltr'><strong>quus</strong></span> <span class='ocrx_word' id='word_1_203' title='bbox 493 3366 606 3452; x_wconf 89' lang='lat' dir='ltr'><strong>Minos,</strong></span> <span class='ocrx_word' id='word_1_204' title='bbox 632 3366 873 3451; x_wconf 84' lang='lat' dir='ltr'><strong>Spartanorum,</strong></span> <span class='ocrx_word' id='word_1_205' title='bbox 899 3385 980 3447; x_wconf 88' lang='lat' dir='ltr'><strong>quas</strong></span> <span class='ocrx_word' id='word_1_206' title='bbox 1008 3367 1176 3450; x_wconf 79' lang='lat' dir='ltr'><strong>menpas,</strong></span> <span class='ocrx_word' id='word_1_207' title='bbox 1206 3384 1247 3429; x_wconf 90' lang='lat' dir='ltr'><strong>ac</strong></span> <span class='ocrx_word' id='word_1_208' title='bbox 1274 3385 1348 3429; x_wconf 89' lang='lat' dir='ltr'><strong>mox</strong></span> <span class='ocrx_word' id='word_1_209' title='bbox 1377 3367 1613 3440; x_wconf 76' lang='lat' dir='ltr'><strong>Atlreaieasibrrs</strong></span> 
     </span>
     <span class='ocr_line' id='line_1_26' title="bbox 389 3470 1611 3557; baseline 0 -20"><span class='ocrx_word' id='word_1_210' title='bbox 389 3472 602 3556; x_wconf 87' lang='lat' dir='ltr'><strong>quaesitiores</strong></span> <span class='ocrx_word' id='word_1_211' title='bbox 628 3473 691 3539; x_wconf 89' lang='lat' dir='ltr'><strong>iam</strong></span> <span class='ocrx_word' id='word_1_212' title='bbox 715 3478 748 3537; x_wconf 90' lang='lat' dir='ltr'><strong>ct</strong></span> <span class='ocrx_word' id='word_1_213' title='bbox 770 3471 879 3557; x_wconf 88' lang='lat' dir='ltr'><strong>plures</strong></span> <span class='ocrx_word' id='word_1_214' title='bbox 904 3472 976 3538; x_wconf 84' lang='lat' dir='ltr'><strong>Solo</strong></span> <span class='ocrx_word' id='word_1_215' title='bbox 999 3471 1196 3556; x_wconf 90' lang='lat' dir='ltr'><strong>perscripsit</strong></span> <span class='ocrx_word' id='word_1_216' title='bbox 1219 3470 1311 3537; x_wconf 89' lang='lat' dir='ltr'><strong>uobis</strong></span> <span class='ocrx_word' id='word_1_217' title='bbox 1330 3472 1494 3557; x_wconf 88' lang='lat' dir='ltr'><strong>Romulus,</strong></span> <span class='ocrx_word' id='word_1_218' title='bbox 1518 3480 1554 3537; x_wconf 90' lang='lat' dir='ltr'><strong>ut</strong></span> <span class='ocrx_word' id='word_1_219' title='bbox 1576 3474 1611 3537; x_wconf 93' lang='lat' dir='ltr'><strong>li-</strong></span> 
     </span>
     <span class='ocr_line' id='line_1_27' title="bbox 388 3576 1612 3666; baseline -0.001 -21"><span class='ocrx_word' id='word_1_220' title='bbox 388 3580 498 3666; x_wconf 89' lang='lat' dir='ltr'><strong>bitum,</strong></span> <span class='ocrx_word' id='word_1_221' title='bbox 521 3579 777 3665; x_wconf 86' lang='lat' dir='ltr'><strong>imperitevcret:</strong></span> <span class='ocrx_word' id='word_1_222' title='bbox 869 3577 928 3644; x_wconf 92' lang='lat' dir='ltr'><strong>sed</strong></span> <span class='ocrx_word' id='word_1_223' title='bbox 951 3578 1146 3663; x_wconf 88' lang='lat' dir='ltr'><strong>praecipuus</strong></span> <span class='ocrx_word' id='word_1_224' title='bbox 1170 3577 1303 3643; x_wconf 88' lang='lat' dir='ltr'><strong>Servius</strong></span> <span class='ocrx_word' id='word_1_225' title='bbox 1326 3576 1453 3645; x_wconf 84' lang='lat' dir='ltr'><strong>Tullius</strong></span> <span class='ocrx_word' id='word_1_226' title='bbox 1483 3587 1612 3645; x_wconf 89' lang='lat' dir='ltr'><strong>sanctor</strong></span> 
     </span>
     <span class='ocr_line' id='line_1_28' title="bbox 388 3686 1501 3771; baseline -0.003 -19"><span class='ocrx_word' id='word_1_227' title='bbox 388 3690 486 3771; x_wconf 78' lang='lat' dir='ltr'><strong>leptim</strong></span> <span class='ocrx_word' id='word_1_228' title='bbox 511 3687 580 3767; x_wconf 86' lang='lat' dir='ltr'><strong>suit,</strong></span> <span class='ocrx_word' id='word_1_229' title='bbox 605 3686 678 3771; x_wconf 86' lang='lat' dir='ltr'><strong>quis</strong></span> <span class='ocrx_word' id='word_1_230' title='bbox 702 3687 800 3752; x_wconf 88' lang='lat' dir='ltr'><strong>etiam</strong></span> <span class='ocrx_word' id='word_1_231' title='bbox 823 3708 909 3768; x_wconf 76' lang='lat' dir='ltr'><strong>repes</strong></span> <span class='ocrx_word' id='word_1_232' title='bbox 932 3686 1183 3770; x_wconf 82' lang='lat' dir='ltr'><strong>obtemperarent.</strong></span> <span class='ocrx_word' id='word_1_233' title='bbox 1497 3686 1501 3695; x_wconf 83' lang='grc'><strong>“</strong></span> 
     </span>
    </p>

    <p class='ocr_par' dir='ltr' id='par_1_9' title="bbox 385 3792 1612 4847">
     <span class='ocr_line' id='line_1_29' title="bbox 476 3792 1611 3880; baseline -0.001 -21"><span class='ocrx_word' id='word_1_234' title='bbox 476 3795 509 3862; x_wconf 88' lang='lat' dir='ltr'><strong>S.</strong></span> <span class='ocrx_word' id='word_1_235' title='bbox 534 3795 592 3880; x_wconf 82' lang='lat' dir='ltr'><strong>Ep.</strong></span> <span class='ocrx_word' id='word_1_236' title='bbox 616 3797 668 3861; x_wconf 88' lang='grc'><strong>90.</strong></span> <span class='ocrx_word' id='word_1_237' title='bbox 692 3796 794 3859; x_wconf 77' lang='lat'>4-7:</span> <span class='ocrx_word' id='word_1_238' title='bbox 820 3793 885 3859; x_wconf 85' lang='lat' dir='ltr'><strong>Sed</strong></span> <span class='ocrx_word' id='word_1_239' title='bbox 904 3796 1003 3878; x_wconf 85' lang='lat' dir='ltr'><strong>primi</strong></span> <span class='ocrx_word' id='word_1_240' title='bbox 1026 3796 1201 3858; x_wconf 73' lang='lat' dir='ltr'><strong>mortaliores</strong></span> <span class='ocrx_word' id='word_1_241' title='bbox 1226 3793 1345 3876; x_wconf 88' lang='lat' dir='ltr'><strong>quique</strong></span> <span class='ocrx_word' id='word_1_242' title='bbox 1369 3812 1409 3857; x_wconf 88' lang='lat' dir='ltr'><strong>ex</strong></span> <span class='ocrx_word' id='word_1_243' title='bbox 1433 3792 1484 3859; x_wconf 85' lang='lat' dir='ltr'><strong>his</strong></span> <span class='ocrx_word' id='word_1_244' title='bbox 1508 3794 1611 3877; x_wconf 83' lang='lat' dir='ltr'><strong>geniti</strong></span> 
     </span>
     <span class='ocr_line' id='line_1_30' title="bbox 387 3899 1612 3986; baseline 0 -20"><span class='ocrx_word' id='word_1_245' title='bbox 387 3908 535 3967; x_wconf 86' lang='lat' dir='ltr'><strong>naturum</strong></span> <span class='ocrx_word' id='word_1_246' title='bbox 560 3900 740 3986; x_wconf 90' lang='lat' dir='ltr'><strong>iuconrnpti</strong></span> <span class='ocrx_word' id='word_1_247' title='bbox 764 3901 996 3985; x_wconf 88' lang='lat' dir='ltr'><strong>sequebantur,</strong></span> <span class='ocrx_word' id='word_1_248' title='bbox 1021 3899 1157 3966; x_wconf 92' lang='lat' dir='ltr'><strong>eundem</strong></span> <span class='ocrx_word' id='word_1_249' title='bbox 1181 3900 1346 3966; x_wconf 89' lang='lat' dir='ltr'><strong>habebant</strong></span> <span class='ocrx_word' id='word_1_250' title='bbox 1370 3907 1400 3965; x_wconf 90' lang='lat' dir='ltr'><strong>et</strong></span> <span class='ocrx_word' id='word_1_251' title='bbox 1433 3899 1546 3966; x_wconf 90' lang='lat' dir='ltr'><strong>ducem</strong></span> <span class='ocrx_word' id='word_1_252' title='bbox 1579 3910 1612 3966; x_wconf 92' lang='lat' dir='ltr'><strong>et</strong></span> 
     </span>
     <span class='ocr_line' id='line_1_31' title="bbox 386 4007 1610 4095; baseline 0.002 -22"><span class='ocrx_word' id='word_1_253' title='bbox 386 4009 501 4095; x_wconf 84' lang='lat' dir='ltr'><strong>legem,</strong></span> <span class='ocrx_word' id='word_1_254' title='bbox 526 4008 678 4075; x_wconf 87' lang='lat' dir='ltr'><strong>conmissi</strong></span> <span class='ocrx_word' id='word_1_255' title='bbox 703 4008 844 4073; x_wconf 90' lang='lat' dir='ltr'><strong>melioris</strong></span> <span class='ocrx_word' id='word_1_256' title='bbox 872 4008 1016 4075; x_wconf 89' lang='lat' dir='ltr'><strong>arbitrio.</strong></span> <span class='ocrx_word' id='word_1_257' title='bbox 1108 4010 1213 4073; x_wconf 76' lang='lat' dir='ltr'><strong>rra-imo</strong></span> <span class='ocrx_word' id='word_1_258' title='bbox 1241 4007 1350 4090; x_wconf 86' lang='lat' dir='ltr'><strong>itaque</strong></span> <span class='ocrx_word' id='word_1_259' title='bbox 1378 4015 1483 4073; x_wconf 89' lang='lat' dir='ltr'><strong>rector</strong></span> <span class='ocrx_word' id='word_1_260' title='bbox 1511 4008 1610 4093; x_wconf 85' lang='lat' dir='ltr'><strong>elige—</strong></span> 
     </span>
     <span class='ocr_line' id='line_1_32' title="bbox 385 4113 1610 4201; baseline -0.001 -19"><span class='ocrx_word' id='word_1_261' title='bbox 385 4118 481 4183; x_wconf 88' lang='lat' dir='ltr'><strong>batur</strong></span> <span class='ocrx_word' id='word_1_262' title='bbox 507 4116 645 4200; x_wconf 90' lang='lat' dir='ltr'><strong>idcoque</strong></span> <span class='ocrx_word' id='word_1_263' title='bbox 673 4136 797 4182; x_wconf 89' lang='lat' dir='ltr'><strong>summa</strong></span> <span class='ocrx_word' id='word_1_264' title='bbox 821 4116 961 4182; x_wconf 82' lang='lat' dir='ltr'><strong>felicitas</strong></span> <span class='ocrx_word' id='word_1_265' title='bbox 985 4122 1055 4180; x_wconf 89' lang='lat' dir='ltr'><strong>erat</strong></span> <span class='ocrx_word' id='word_1_266' title='bbox 1078 4114 1230 4200; x_wconf 84' lang='lat' dir='ltr'><strong>gentium,</strong></span> <span class='ocrx_word' id='word_1_267' title='bbox 1254 4113 1286 4178; x_wconf 93' lang='lat' dir='ltr'><strong>in</strong></span> <span class='ocrx_word' id='word_1_268' title='bbox 1320 4114 1435 4197; x_wconf 91' lang='lat' dir='ltr'><strong>quibus</strong></span> <span class='ocrx_word' id='word_1_269' title='bbox 1464 4136 1526 4181; x_wconf 93' lang='lat' dir='ltr'><strong>nou</strong></span> <span class='ocrx_word' id='word_1_270' title='bbox 1554 4137 1610 4201; x_wconf 92' lang='lat' dir='ltr'><strong>po-</strong></span> 
     </span>
     <span class='ocr_line' id='line_1_33' title="bbox 387 4221 1610 4311; baseline -0.001 -20"><span class='ocrx_word' id='word_1_271' title='bbox 387 4232 471 4291; x_wconf 86' lang='lat' dir='ltr'><strong>terat</strong></span> <span class='ocrx_word' id='word_1_272' title='bbox 493 4224 655 4311; x_wconf 90' lang='lat' dir='ltr'><strong>potentior</strong></span> <span class='ocrx_word' id='word_1_273' title='bbox 678 4244 751 4290; x_wconf 90' lang='lat' dir='ltr'><strong>esse</strong></span> <span class='ocrx_word' id='word_1_274' title='bbox 774 4223 838 4289; x_wconf 90' lang='lat' dir='ltr'><strong>nisi</strong></span> <span class='ocrx_word' id='word_1_275' title='bbox 860 4223 983 4291; x_wconf 91' lang='lat' dir='ltr'><strong>melior.</strong></span> <span class='ocrx_word' id='word_1_276' title='bbox 1003 4230 1126 4288; x_wconf 91' lang='lat' dir='ltr'><strong>tantum</strong></span> <span class='ocrx_word' id='word_1_277' title='bbox 1141 4222 1226 4287; x_wconf 87' lang='lat' dir='ltr'><strong>eninr</strong></span> <span class='ocrx_word' id='word_1_278' title='bbox 1241 4228 1395 4306; x_wconf 87' lang='lat' dir='ltr'><strong>quantum</strong></span> <span class='ocrx_word' id='word_1_279' title='bbox 1411 4221 1479 4287; x_wconf 91' lang='lat' dir='ltr'><strong>vult</strong></span> <span class='ocrx_word' id='word_1_280' title='bbox 1493 4229 1610 4308; x_wconf 89' lang='lat' dir='ltr'><strong>potest,</strong></span> 
     </span>
     <span class='ocr_line' id='line_1_34' title="bbox 387 4328 1610 4417; baseline -0.002 -19"><span class='ocrx_word' id='word_1_281' title='bbox 387 4332 441 4417; x_wconf 92' lang='lat' dir='ltr'><strong>qui</strong></span> <span class='ocrx_word' id='word_1_282' title='bbox 466 4354 501 4399; x_wconf 91' lang='lat' dir='ltr'><strong>se</strong></span> <span class='ocrx_word' id='word_1_283' title='bbox 524 4332 587 4399; x_wconf 89' lang='lat' dir='ltr'><strong>nisi</strong></span> <span class='ocrx_word' id='word_1_284' title='bbox 611 4330 697 4416; x_wconf 91' lang='lat' dir='ltr'><strong>quod</strong></span> <span class='ocrx_word' id='word_1_285' title='bbox 722 4329 826 4416; x_wconf 88' lang='lat' dir='ltr'><strong>debet,</strong></span> <span class='ocrx_word' id='word_1_286' title='bbox 850 4352 914 4395; x_wconf 93' lang='lat' dir='ltr'><strong>non</strong></span> <span class='ocrx_word' id='word_1_287' title='bbox 937 4338 1030 4416; x_wconf 88' lang='lat' dir='ltr'><strong>putat</strong></span> <span class='ocrx_word' id='word_1_288' title='bbox 1052 4351 1157 4416; x_wconf 87' lang='lat' dir='ltr'><strong>posse.</strong></span> <span class='ocrx_word' id='word_1_289' title='bbox 1187 4330 1243 4395; x_wconf 93' lang='lat' dir='ltr'><strong>illo</strong></span> <span class='ocrx_word' id='word_1_290' title='bbox 1264 4350 1341 4413; x_wconf 76' lang='lat' dir='ltr'><strong>ergo</strong></span> <span class='ocrx_word' id='word_1_291' title='bbox 1363 4330 1503 4415; x_wconf 87' lang='lat' dir='ltr'><strong>saeculo,</strong></span> <span class='ocrx_word' id='word_1_292' title='bbox 1523 4328 1610 4413; x_wconf 90' lang='lat' dir='ltr'><strong>quod</strong></span> 
     </span>
     <span class='ocr_line' id='line_1_35' title="bbox 387 4436 1609 4525; baseline -0.002 -19"><span class='ocrx_word' id='word_1_293' title='bbox 387 4461 519 4507; x_wconf 87' lang='lat' dir='ltr'><strong>aureum</strong></span> <span class='ocrx_word' id='word_1_294' title='bbox 542 4438 719 4525; x_wconf 88' lang='lat' dir='ltr'><strong>perbibent,</strong></span> <span class='ocrx_word' id='word_1_295' title='bbox 742 4458 844 4523; x_wconf 88' lang='lat' dir='ltr'><strong>penes</strong></span> <span class='ocrx_word' id='word_1_296' title='bbox 869 4439 1034 4523; x_wconf 87' lang='lat' dir='ltr'><strong>sapientes</strong></span> <span class='ocrx_word' id='word_1_297' title='bbox 1062 4438 1163 4503; x_wconf 76' lang='lat' dir='ltr'><strong>lusisse</strong></span> <span class='ocrx_word' id='word_1_298' title='bbox 1188 4457 1320 4521; x_wconf 77' lang='lat' dir='ltr'><strong>regnum</strong></span> <span class='ocrx_word' id='word_1_299' title='bbox 1344 4436 1539 4503; x_wconf 90' lang='lat' dir='ltr'><strong>Posidonius</strong></span> <span class='ocrx_word' id='word_1_300' title='bbox 1563 4438 1609 4504; x_wconf 91' lang='lat' dir='ltr'><strong>iu-</strong></span> 
     </span>
     <span class='ocr_line' id='line_1_36' title="bbox 386 4546 1608 4631; baseline 0 -20"><span class='ocrx_word' id='word_1_301' title='bbox 386 4547 486 4615; x_wconf 87' lang='lat' dir='ltr'><strong>dicat.</strong></span> <span class='ocrx_word' id='word_1_302' title='bbox 502 4599 547 4615; x_wconf 92' lang='lat'><strong>...</strong></span> <span class='ocrx_word' id='word_1_303' title='bbox 563 4546 705 4611; x_wconf 88' lang='lat' dir='ltr'><strong>osticium</strong></span> <span class='ocrx_word' id='word_1_304' title='bbox 716 4546 1037 4631; x_wconf 89' lang='lat' dir='ltr'><strong>eratimperare,non</strong></span> <span class='ocrx_word' id='word_1_305' title='bbox 1051 4566 1195 4628; x_wconf 78' lang='lat' dir='ltr'><strong>reguum.</strong></span> <span class='ocrx_word' id='word_1_306' title='bbox 1211 4566 1305 4611; x_wconf 91' lang='lat' dir='ltr'><strong>nemo</strong></span> <span class='ocrx_word' id='word_1_307' title='bbox 1320 4552 1473 4628; x_wconf 90' lang='lat' dir='ltr'><strong>quantum</strong></span> <span class='ocrx_word' id='word_1_308' title='bbox 1488 4553 1608 4630; x_wconf 83' lang='lat' dir='ltr'><strong>posset,</strong></span> 
     </span>
     <span class='ocr_line' id='line_1_37' title="bbox 386 4653 1610 4739; baseline -0.002 -20"><span class='ocrx_word' id='word_1_309' title='bbox 386 4653 542 4720; x_wconf 86' lang='lat' dir='ltr'><strong>adversus</strong></span> <span class='ocrx_word' id='word_1_310' title='bbox 567 4674 623 4719; x_wconf 91' lang='lat' dir='ltr'><strong>eos</strong></span> <span class='ocrx_word' id='word_1_311' title='bbox 647 4653 881 4739; x_wconf 83' lang='lat' dir='ltr'><strong>experiebatur,</strong></span> <span class='ocrx_word' id='word_1_312' title='bbox 896 4673 954 4739; x_wconf 91' lang='lat' dir='ltr'><strong>per</strong></span> <span class='ocrx_word' id='word_1_313' title='bbox 968 4664 1057 4737; x_wconf 83' lang='lat' dir='ltr'><strong>&#39;quos</strong></span> <span class='ocrx_word' id='word_1_314' title='bbox 1081 4659 1234 4738; x_wconf 90' lang='lat' dir='ltr'><strong>coeperat</strong></span> <span class='ocrx_word' id='word_1_315' title='bbox 1255 4672 1364 4738; x_wconf 87' lang='lat' dir='ltr'><strong>posse,</strong></span> <span class='ocrx_word' id='word_1_316' title='bbox 1383 4674 1437 4717; x_wconf 86' lang='lat' dir='ltr'><strong>aec</strong></span> <span class='ocrx_word' id='word_1_317' title='bbox 1459 4661 1526 4718; x_wconf 89' lang='lat' dir='ltr'><strong>erat</strong></span> <span class='ocrx_word' id='word_1_318' title='bbox 1548 4657 1610 4717; x_wconf 84' lang='lat' dir='ltr'><strong>eai-</strong></span> 
     </span>
     <span class='ocr_line' id='line_1_38' title="bbox 386 4759 1609 4847; baseline 0 -22"><span class='ocrx_word' id='word_1_319' title='bbox 386 4784 479 4847; x_wconf 86' lang='lat' dir='ltr'><strong>qaam</strong></span> <span class='ocrx_word' id='word_1_320' title='bbox 501 4768 554 4827; x_wconf 85' lang='lat' dir='ltr'><strong>aut</strong></span> <span class='ocrx_word' id='word_1_321' title='bbox 576 4764 697 4826; x_wconf 84' lang='lat' dir='ltr'><strong>animas</strong></span> <span class='ocrx_word' id='word_1_322' title='bbox 719 4764 752 4827; x_wconf 86' lang='lat' dir='ltr'><strong>ia</strong></span> <span class='ocrx_word' id='word_1_323' title='bbox 774 4764 921 4828; x_wconf 85' lang='lat' dir='ltr'><strong>iniuriam</strong></span> <span class='ocrx_word' id='word_1_324' title='bbox 944 4769 999 4827; x_wconf 86' lang='lat' dir='ltr'><strong>aut</strong></span> <span class='ocrx_word' id='word_1_325' title='bbox 1021 4783 1123 4845; x_wconf 82' lang='lat' dir='ltr'><strong>cama,</strong></span> <span class='ocrx_word' id='word_1_326' title='bbox 1147 4780 1217 4826; x_wconf 90' lang='lat' dir='ltr'><strong>curn</strong></span> <span class='ocrx_word' id='word_1_327' title='bbox 1236 4760 1319 4826; x_wconf 89' lang='lat' dir='ltr'><strong>bene</strong></span> <span class='ocrx_word' id='word_1_328' title='bbox 1337 4759 1506 4845; x_wconf 87' lang='lat' dir='ltr'><strong>imperanti</strong></span> <span class='ocrx_word' id='word_1_329' title='bbox 1526 4760 1609 4825; x_wconf 90' lang='lat' dir='ltr'><strong>benc</strong></span> 
     </span>
    </p>
   </div>
   <div class='ocr_carea' id='block_1_6' title="bbox 0 0 1734 5200">
    <p class='ocr_par' dir='ltr' id='par_1_10' title="bbox 0 0 1734 5200">
     <span class='ocr_line' id='line_1_39' title="bbox 0 0 1734 5200; baseline 0 3"><span class='ocrx_word' id='word_1_330' title='bbox 0 0 1734 5200; x_wconf 95' lang='lat' dir='ltr'><strong> </strong></span> 
     </span>
    </p>
   </div>
  </div>
 </body>
</html>
