3459 5200
613 439 826 536 ΑΒ*

113 637 192 700 molo
212 636 309 719 fiunt,
338 633 384 697 ita
408 643 436 700 et
460 656 577 699 uxores
600 638 681 700 situs
706 638 741 700 in
765 635 920 700 bonoram
945 634 1160 719 malorumque
1182 638 1330 720 confinio.

112 762 206 824 gram
229 748 336 806 autern
361 759 434 806 esse
458 739 527 804 viro
551 740 690 824 sapienti
714 739 824 806 venire
852 740 885 805 iu
914 739 1054 825 dubium,
1082 748 1188 807 utrum
1215 745 1330 810 borram

112 869 150 912 an
172 853 288 915 rrrclorn
315 846 468 914 ducturus
498 847 549 912 sit.
584 847 615 912 S.
645 845 686 913 dc
712 846 817 914 benef.
842 847 956 914 11133.
981 851 1017 914 2:
1051 847 1153 914 Omne
1184 848 1246 915 hac
1278 850 1332 915 via

110 954 251 1039 procedit
276 953 431 1020 cilicium:
457 955 504 1020 sic
529 954 673 1039 serimus,
698 955 746 1021 sic
768 954 970 1040 navigamus,
1000 955 1046 1020 sic
1070 957 1257 1041 militamus,
1285 963 1333 1025 sic

112 1087 221 1130 uror-es
245 1067 405 1148 darsianus,
429 1061 476 1127 sic
498 1061 617 1128 liberos
638 1060 793 1145 tollimus,
810 1083 880 1127 oum
901 1063 1040 1127 omnium
1059 1063 1170 1128 luorum
1191 1064 1332 1131 incertus

110 1169 150 1234 sit
172 1175 315 1256 orantus,
339 1169 382 1235 ad
413 1189 452 1234 oa
481 1168 675 1254 accedimus,
708 1173 747 1237 de
780 1172 896 1250 peribas
929 1172 1005 1237 bene
1036 1175 1234 1257 sperandum
1266 1197 1333 1240 esse

109 1279 308 1345 credidimus.
355 1275 428 1359 quis
460 1276 544 1342 onim
574 1275 745 1361 pollicetur
777 1275 896 1342 serenti
929 1285 1127 1362 proventum,
1165 1278 1331 1362 naviganti

108 1391 240 1469 portum,
263 1383 415 1448 militanti
443 1383 620 1468 victoriam,
649 1389 768 1452 rnorito
793 1387 949 1472 pudicam
977 1407 1119 1470 risorem,
1147 1385 1232 1470 patri
1259 1386 1332 1471 pios

108 1489 246 1556 liberos?
282 1489 453 1575 sequimur,
486 1511 550 1574 qua
581 1490 675 1571 ratio,
709 1511 772 1556 uon
801 1511 865 1575 qua
893 1490 1015 1558 veritas
1047 1491 1154 1558 traxit.
1183 1490 1224 1559 de
1255 1513 1331 1559 rem.

110 1597 175 1663 fort.
204 1598 282 1663 XVI
301 1601 333 1664 l:
370 1621 520 1677 ,risorem
559 1600 675 1666 bouum
712 1598 835 1664 aurisi.“
865 1606 971 1663 utrum
1004 1598 1175 1664 inveneras
1206 1603 1332 1685 borroni,

109 1723 147 1768 an
173 1708 321 1790 feceras?
432 1704 459 1770 si
490 1708 627 1791 feceras,
656 1705 737 1772 bene
769 1725 882 1790 spere:
910 1725 962 1771 res
995 1705 1105 1790 periit,
1139 1704 1249 1773 salvus
1283 1714 1332 1772 est

109 1811 230 1881 artifex.

193 2029 231 2095 Τ.
256 2025 339 2094 Anu.
364 2027 408 2093 IV
426 2029 476 2094 18.
502 2028 554 2092 1οε
580 2026 701 2093 destrui
725 2048 782 2113 per
805 2026 888 2094 haec
911 2026 1071 2092 fortunam
1096 2048 1187 2094 suam
1209 2028 1332 2096 Caesar

111 2139 315 2225 leporemque
343 2145 430 2203 torrro
464 2138 575 2202 asserito
609 2135 748 2201 rebatur.
777 2155 852 2200 nam
881 2137 1032 2220 beneficio
1060 2163 1093 2203 eo
1122 2162 1221 2224 usque
1249 2139 1332 2204 laeto
1424 2183 1428 2190 -

110 2253 190 2327 serrat,
219 2248 298 2311 drrm
327 2247 477 2309 videntur
504 2247 626 2310 exsolui
649 2268 759 2330 posse:
786 2245 843 2310 arbi
875 2246 1009 2310 urrrltruu
1042 2254 1240 2329 orrtecenere,
1267 2270 1331 2332 pro

108 2355 212 2434 prolia
236 2355 349 2418 odirrm
373 2353 533 2418 redditor.

196 2457 228 2525 S.
253 2459 313 2543 Ep.
337 2460 389 2524 81.
416 2457 475 2524 32:
509 2457 556 2521 llo
585 2456 759 2542 perductus
788 2463 837 2524 ost
865 2456 966 2537 furor,
995 2463 1029 2522 ut
1056 2457 1333 2544 periculosissima

111 2583 159 2629 ros
182 2565 224 2632 sit
248 2568 399 2659 beneficio
423 2564 455 2631 iu
479 2563 619 2649 aliquem
636 2589 752 2654 mopso
768 2564 928 2631 conferre:
943 2586 1017 2631 nam
1034 2565 1110 2650 quia
1129 2572 1222 2653 putat
1241 2573 1332 2652 turpe

112 2692 170 2737 non
192 2673 344 2759 reddere,
367 2694 430 2738 non
454 2674 522 2739 vult
546 2693 634 2753 osso,
661 2674 711 2739 cui
739 2672 866 2740 reddat.
913 2673 970 2738 tibi
1002 2673 1099 2759 habe,
1128 2673 1213 2757 quod
1241 2695 1332 2740 acco·

111 2777 197 2862 pisti:
222 2802 287 2846 non
317 2787 438 2866 repeto,
466 2801 529 2846 non
558 2780 663 2864 exigo.
697 2779 858 2866 profuisse
888 2786 989 2845 tutum
1024 2780 1074 2846 sit.
1129 2780 1250 2846 nullom
1283 2789 1333 2847 ost

112 2890 215 2954 ortium
238 2886 452 2974 perniciosius
477 2908 573 2971 quam
598 2908 615 2953 o
640 2890 782 2973 beneficii
804 2887 918 2953 violati
946 2886 1077 2972 pudore.
1110 2888 1169 2973 Ep.
1198 2890 1246 2955 19.
1275 2890 1331 2954 11:

112 2992 235 3059 Nullum
264 2994 364 3062 habet
391 2994 496 3061 maius
525 2995 644 3061 malum
674 3002 849 3080 occupatus
877 2994 973 3059 homo
1001 3002 1033 3059 et
1060 2995 1154 3061 bouis
1182 2994 1249 3061 suis
1278 2996 1331 3060 ob-

113 3120 225 3188 sessus,
250 3123 347 3187 quam
371 3101 457 3187 quod
481 3104 603 3170 amicos
628 3102 689 3169 sibi
713 3108 815 3187 putet,
840 3101 957 3185 quibus
980 3101 1052 3187 ipse
1076 3121 1138 3167 non
1163 3108 1221 3188 est,
1245 3103 1331 3185 quod

112 3208 256 3296 borrefioio
283 3231 342 3277 soa
366 3209 515 3277 efficacia
538 3209 660 3276 iudicat
683 3210 726 3275 ad
756 3208 978 3276 conciliandos
1008 3209 1139 3294 amicos,
1165 3230 1235 3276 cam
1263 3214 1333 3298 qui·

112 3320 193 3403 clam,
216 3343 279 3408 qao
289 3322 368 3407 plus
391 3322 512 3403 (laboret,
537 3324 641 3406 rrrapis
666 3322 806 3385 oderint.-
830 3316 902 3383 levc
926 3338 984 3384 aes
1000 3316 1139 3382 alienum
1155 3315 1332 3383 debitorem

113 3418 196 3510 iacit,
227 3446 329 3510 grave
353 3428 529 3493 inirrricuro.
560 3425 600 3492 do
623 3424 728 3493 benef.
753 3426 797 3491 IV
811 3427 890 3492 4Ο.1
908 3447 968 3509 sq.:
993 3425 1142 3489 Animum
1165 3430 1333 3509 praestare

113 3537 233 3610 gratum
269 3532 381 3618 debeo,
414 3539 554 3599 ceterum
583 3532 758 3616 aliquando
788 3553 838 3598 mo
866 3532 986 3598 roserrc
1012 3538 1158 3620 protiorn
1185 3553 1248 3596 non
1276 3554 1332 3617 pa-

114 3634 184 3703 titur
205 3661 279 3707 mea
302 3640 490 3725 infelicitas,
521 3638 695 3724 aliquando
725 3639 865 3705 solicitas
895 3640 979 3724 cius,
1013 3638 1063 3704 cui
1097 3637 1208 3705 debeo.
1255 3639 1332 3722 quid

114 3744 193 3811 enirn
236 3748 318 3833 regi,
356 3747 433 3831 quid
470 3768 594 3833 pauper
633 3746 725 3813 diviti
758 3745 907 3831 reddam,
945 3745 1055 3830 utique
1091 3769 1162 3813 cum
1199 3752 1332 3835 qrrirlom

113 3856 247 3940 recipere
271 3857 453 3941 beneficium
477 3860 638 3923 irritatam
664 3860 803 3923 iudicent
833 3862 865 3919 et
896 3852 1056 3919 beneficia
1089 3851 1226 3919 subinde
1259 3853 1333 3920 aliis

114 3957 275 4029 boneficiis
299 3966 452 4029 onerent?
477 3962 553 4046 quid
577 3963 716 4048 amplius
740 3962 772 4027 in
796 3961 908 4027 horum
931 3980 1071 4047 persona
1090 3980 1221 4046 possum
1236 3981 1331 4044 quam

115 4067 215 4135 uelle?
244 4091 304 4136 neo
329 4070 412 4137 cuim
437 4069 511 4137 ideo
536 4073 717 4155 borrefiriuur
743 4090 857 4136 novum
883 4070 1005 4135 reicere
1029 4067 1142 4154 dobeo,
1157 4068 1233 4152 quia
1255 4089 1331 4132 uon-

116 4170 185 4240 dum
214 4178 304 4263 prius
337 4177 476 4243 reddidi.
531 4178 688 4264 accipiam
724 4183 789 4241 tam
821 4176 968 4261 libenter,
1002 4196 1099 4260 quam
1132 4174 1269 4259 dabitur,
1301 4181 1333 4240 et

116 4285 270 4363 praebebo
293 4306 344 4353 me
368 4286 471 4351 amico
496 4306 567 4351 mco
592 4284 794 4352 exercendae
817 4284 973 4351 bonitatis
993 4305 1072 4350 suae
1092 4302 1246 4368 capacem
1266 4302 1331 4346 ma-

116 4389 238 4477 teriam3
262 4400 319 4483 qui
342 4418 423 4462 nouo
448 4398 588 4482 occipere
611 4418 675 4462 uon
701 4397 777 4475 11111,
801 4399 938 4481 (receptis
961 4395 1148 4478 offenditur.
1172 4389 1213 4455 dc
1228 4390 1333 4455 boues.

116 4492 285 4568 13.1:1s
309 4500 416 4586 perdit
438 4504 597 4587 beneficia,
621 4501 674 4585 qui
704 4502 767 4567 cito
796 4521 832 4567 so
856 4499 1040 4586 perdidisse
1070 4498 1186 4576 crodit3
1217 4506 1251 4563 at
1279 4494 1332 4582 qul

117 4598 210 4670 instat
231 4614 263 4673 ct
286 4614 399 4674 onerat
422 4607 531 4693 priora
555 4608 773 4692 sequentibus,
803 4608 901 4673 otiam
929 4628 968 4673 ox
998 4605 1078 4671 doro
1107 4612 1139 4696 et
1166 4604 1332 4671 inmemori

117 4716 238 4790 pectore
269 4715 408 4799 gratiam
441 4714 597 4782 extundit.
653 4737 717 4780 non
746 4716 879 4782 audebit
908 4714 1064 4779 adversus
1092 4714 1194 4779 multa
1221 4711 1332 4779 oculos
