3459 5200
741 357 779 421 19

162 584 168 596 ·
211 562 378 630 inclinatio
394 562 575 648 potestatis:
598 562 743 628 submisit
764 562 850 629 enim
872 562 1013 630 nntnni
1034 560 1150 629 siriam
1172 560 1369 629 conndorem

212 695 351 741 securem
372 680 403 740 et
423 672 553 741 honoris
573 674 626 740 sni
648 675 771 741 arinen
798 674 940 762 infrepit,
974 679 1012 740 nt
1039 674 1209 741 libertatem
1230 673 1369 741 civitatis

214 786 353 875 eriperet.

236 902 285 967 cf.
310 901 377 966 Liv.
402 902 428 965 V
451 902 524 983 13,5
547 904 616 967 Val.
640 903 724 967 Max.
748 902 789 965 IV
816 902 861 980 1,1
888 901 920 985 (ἕ
942 904 962 967 5
986 906 1067 968 sect.
1089 901 1173 967 XIX.
1195 902 1277 985 XX).

150 1030 190 1094 III
212 1030 279 1109 6,3;
302 1029 371 1115 (Μ.
389 1029 606 1114 Horatius>
620 1034 718 1095 morte
734 1028 882 1114 piprnris
902 1028 955 1094 sni
976 1030 1102 1116 copriito
1116 1030 1247 1096 oadamr
1260 1028 1369 1111 efferri

214 1140 324 1207 inssit:
345 1142 399 1208 sed
421 1142 480 1209 loe
501 1142 681 1207 constantia
703 1162 766 1207 esse
787 1140 902 1222 debirit,
924 1142 981 1224 qni
997 1142 1186 1226 Capitolium
1200 1141 1367 1209 dedicabat.

237 1255 285 1321 CI.
309 1256 379 1321 Val.
403 1257 489 1322 Max.
513 1258 539 1319 V
564 1257 631 1335 10,1
657 1255 753 1338 (ei.§
796 1254 819 1338 ).

151 1382 243 1448 158:
276 1382 378 1465 qnid?
411 1390 446 1449 tn
468 1384 598 1450 libenter
613 1382 739 1448 Atilio
752 1381 874 1465 fortiam
883 1388 990 1467 pratos,
1013 1384 1095 1466 qnod
1108 1382 1371 1466 faseimtsnatra

214 1496 351 1561 natavit
372 1502 401 1562 et
422 1496 460 1562 in
481 1496 581 1562 medio
600 1494 746 1561 senentis
760 1516 849 1579 opere
861 1495 990 1561 anhelos
1004 1496 1090 1562 boves
1103 1495 1217 1562 statuit
1230 1496 1371 1563 mistione

214 1606 445 1693 mopistratns?
478 1611 532 1675 VII
550 1612 602 1675 15:
635 1608 715 1673 adde
730 1612 759 1672 te
772 1607 1001 1674 nistisantinm
1014 1629 1148 1675 numero
1169 1613 1199 1674 et
1206 1608 1371 1694 pardisper

218 1718 351 1787 Catones
371 1726 465 1803 atqne
487 1719 601 1787 Atilios
622 1719 788 1801 aemulare,
822 1741 899 1803 qnos
919 1721 1018 1815 vomis
1038 1722 1112 1807 <et>
1132 1720 1215 1788 stiva
1234 1722 1278 1787 od
1298 1742 1370 1787 eon-

214 1830 336 1897 snlares
356 1831 444 1897 misit
464 1853 594 1897 sennes.
640 1836 666 1899 V
690 1834 779 1913 683:
799 1855 865 1909 ,eos
892 1833 973 1899 modo
1000 1856 1071 1899 crim
1093 1832 1192 1899 Atilio
1218 1833 1370 1901 nntr'oari

216 1948 246 2010 et
267 1943 379 2010 lndnm
397 1944 520 2010 oirinm
541 1942 637 2027 seqni.

238 2057 286 2123 Cf.
310 2058 379 2122 Val.
402 2058 486 2122 Max.
515 2058 556 2122 IV
577 2058 630 2138 4,5
659 2058 713 2141 (ef.
737 2058 755 2142 5
777 2063 819 2139 5).
864 2060 1062 2143 Exemplum
1095 2060 1184 2143 apud
1217 2056 1370 2126 aratores

153 2172 425 2238 usitatissimum:
463 2172 504 2236 ef.
532 2192 651 2255 paneg.
679 2172 737 2237 XII
763 2192 796 2255 p.
824 2172 940 2252 atala
969 2172 1006 2237 B.
1035 2172 1115 2238 Otto
1144 2171 1244 2237 Areh.
1269 2172 1291 2237 f.
1313 2174 1370 2238 lat.

152 2284 323 2367 Lexicogr.
346 2283 471 2349 111363
495 2304 544 2367 sq.

153 2424 210 2489 rel.
227 2424 294 2502 3‚9:
323 2420 374 2485 hie
396 2420 500 2486 nrltns
514 2420 552 2486 in
566 2420 643 2507 lepes
656 2440 741 2487 meas
755 2420 856 2487 orbem
870 2420 998 2508 redepit
1020 2420 1095 2488 haee
1108 2442 1199 2488 saera
1214 2422 1370 2489 Hanni-

216 2532 335 2600 balem
356 2552 376 2600 o
397 2532 566 2613 moenibrrs,
589 2554 609 2599 a
626 2532 777 2618 Capitolio
798 2532 975 2601 Senonas
995 2534 1210 2619 repprdernnt.

153 2649 165 2712 I
187 2648 276 2726 47‚1:
308 2667 366 2711 neo
387 2646 507 2711 miram
528 2645 557 2710 si
579 2651 608 2711 te
629 2645 684 2712 illa
705 2667 761 2712 oro
784 2651 883 2712 totnm
905 2645 963 2712 silai
985 2646 1140 2729 vindicat,
1173 2668 1245 2713 ram
1265 2647 1370 2731 ipsmm

218 2757 480 2825 Hannibalem
512 2756 589 2838 tides
620 2763 705 2824 certa
736 2757 779 2825 sit
811 2758 882 2824 bello
914 2759 1069 2825 inriotnm
1100 2779 1218 2826 manns
1252 2761 1372 2827 dedisse

220 2869 422 2956 Campaniae.

239 2985 287 3051 Cf.
311 2987 380 3050 Val.
402 2984 488 3049 Max.
511 2984 554 3048 IX
578 2986 592 3048 1
619 2987 684 3049 ext.
710 2985 724 3048 1
750 2983 806 3066 (ci.
828 2984 847 3068 ἕ
869 2985 913 3067 5).

152 3126 164 3188 1
188 3125 276 3203 95,3;
305 3121 378 3187 olim
392 3143 464 3187 erim
477 3143 528 3186 res
542 3120 690 3187 Romana
704 3121 834 3187 adoreae
848 3119 999 3187 militaris
1007 3119 1111 3206 potita
1125 3126 1179 3202 est,
1195 3121 1372 3188 Poilnces

214 3233 335 3319 pemini
362 3233 449 3316 apud
476 3232 637 3299 Izrtnrnoe
664 3233 766 3299 laernn
788 3233 903 3317 proelii
929 3233 1067 3299 serrendo
1094 3233 1278 3319 permanent.
1322 3257 1372 3301 eos

216 3345 330 3429 qnippe
346 3345 526 3429 prisoornm
547 3345 744 3410 volrrminnm
763 3343 840 3426 tides
862 3344 996 3410 tradidit
1016 3343 1139 3413 anltelis
1160 3346 1249 3429 epnis
1261 3347 1372 3431 plenos

217 3455 343 3522 sinonis
365 3461 394 3522 et
410 3455 552 3540 prrloeris
572 3455 660 3540 fama
682 3456 749 3522 belli
766 3461 839 3541 post
860 3461 985 3542 terprrm
1007 3455 1116 3523 relicta
1138 3457 1294 3524 indiciam
1315 3460 1369 3526 od-

217 3567 347 3651 feotasse
367 3567 522 3634 victoriae

244 3683 292 3748 Cf.
309 3683 378 3747 Val.
394 3683 480 3748 Max.
503 3683 516 3746 I
538 3682 586 3761 8,1
612 3683 666 3766 (es.
689 3682 708 3766 9
730 3683 763 3765 5)
784 3700 903 3766 paneg.
920 3683 977 3748 XII
990 3704 1023 3766 p.
1039 3684 1151 3765 306‚31
1177 3684 1231 3767 (ex
1255 3686 1372 3752 eodem

155 3795 270 3879 tonte).

154 3934 167 3997 I
189 3934 277 4012 202:
313 3929 378 3996 nisi
405 3931 482 4015 qnia
509 3929 641 3996 Ennio
668 3951 706 3995 ea
734 3930 881 3997 Aetolicis
908 3932 1067 3998 mannliis
1094 3933 1217 4018 captivo
1244 3938 1373 4002 tantam

219 4043 357 4126 eldomps
390 4041 519 4109 meineri
551 4043 626 4108 doto
658 4041 811 4108 Fnleirrm
844 4043 1012 4125 deodorat,·
1052 4045 1138 4111 min
1169 4067 1241 4112 vero
1272 4068 1373 4132 nepae

221 4153 415 4222 Panaetio
437 4153 667 4238 Africanorum
695 4156 852 4221 sesnndns
878 4176 980 4238 neone
1004 4156 1130 4240 Opilio
1151 4135 1298 4225 Rntilins
1325 4160 1373 4224 vel

221 4266 366 4334 Cineae
393 4265 544 4352 Pyrrhus
570 4271 628 4333 ant
653 4267 876 4333 Metrodoro
906 4289 964 4333 sno
988 4268 1191 4336 Mithridates
1217 4270 1373 4337 Ponticae

219 4380 395 4447 liberalium
417 4378 659 4463 disciplinanmi
675 4379 782 4464 prelia
803 4379 972 4445 solverant.

241 4494 333 4572 Quae
357 4494 399 4559 de
421 4493 531 4560 Ennio
555 4493 658 4559 tradit
680 4513 755 4560 eum
778 4495 857 4559 alibi
886 4514 955 4559 non
986 4498 1174 4573 narrentur,
1208 4493 1274 4560 diei
1302 4514 1371 4560 non

156 4611 269 4691 potest
284 4609 349 4690 qno
366 4609 502 4671 auctore
517 4627 599 4672 usus
615 4608 672 4684 sit;
696 4607 846 4673 Panaetii
863 4611 896 4671 et
911 4607 1079 4690 Scipionis
1095 4607 1372 4672 consuetudInem

158 4723 254 4785 norat
287 4739 327 4784 ex
362 4719 428 4785 Cic.
459 4720 559 4784 Tusc.
587 4720 600 4784 Ι
628 4722 663 4784 81
703 4719 744 4785 de
779 4740 846 4804 rep.
877 4720 890 4783 I
917 4721 960 4784 34
986 4720 1028 4784 ad
1051 4720 1118 4785 An.
1141 4719 1185 4785 IX
1209 4721 1280 4799 123
1308 4740 1370 4802 pro

1187 4839 1219 4892 1*
