3459 5200
687 530 746 594 105

132 741 342 820 usurpatum,
377 738 437 802 sed
471 738 561 803 solas
595 741 708 820 partes
739 738 808 801 sive
835 738 987 802 membra
1015 736 1188 818 significat,
1217 756 1300 818 quae

130 841 295 906 hocloco
319 841 458 923 siugulis
482 841 648 923 pericopis
672 841 866 905 efficiuntur.
919 841 1070 906 Eandem
1099 841 1163 905 coli
1190 841 1300 904 notio·

131 965 211 1009 nem
235 944 516 1027 deprehendimus
540 945 607 1009 iarn
634 945 723 1026 apud
746 943 1031 1026 Hephaestionem
1059 965 1091 1026 p.
1113 943 1217 1008 XXXI
1242 943 1300 1023 11),

131 1049 167 1111 in
193 1068 258 1129 quo
281 1047 356 1112 loco
384 1046 582 1130 explicando
612 1048 771 1113 Osannus
804 1048 932 1130 pariter
964 1052 1063 1130 atque
1098 1067 1137 1111 eo
1165 1047 1206 1110 de
1234 1065 1300 1127 quo

130 1151 242 1232 agitur
264 1150 337 1214 loco
363 1153 501 1229 Caesar,
533 1172 608 1216 cum
638 1151 837 1216 sollemnem
867 1151 941 1216 colo
968 1151 1036 1214 vim
1060 1151 1199 1215 subesse
1223 1168 1300 1213 cen-

132 1258 234 1333 seret,
258 1275 424 1318 summam
447 1255 558 1320 effecit
578 1255 875 1337 perturbationem.

219 1358 437 1423 Enuntiatum
472 1359 626 1442 ..quando
655 1378 725 1423 non
755 1359 911 1424 sollemni
940 1358 1206 1435 continuatione,
1241 1357 1300 1422 sed

130 1481 195 1544 per
217 1461 411 1526 distantiam
434 1459 530 1543 (κατὰ
552 1460 700 1546 διὲχειαν)
725 1466 757 1528 et
780 1463 977 1528 varietatem
999 1462 1055 1542 (cf.
1078 1458 1301 1545 ἀνομοιομερῆ)

133 1567 169 1628 in
199 1565 317 1646 epodis
350 1564 480 1646 periodi
508 1565 739 1647 compleantur
766 1564 1046 1650 (συμπληροῡται)“
1080 1565 1124 1629 ad
1152 1563 1302 1629 carmina

131 1665 218 1732 κατὰ
239 1669 413 1751 περικοπὴν
435 1665 645 1754 ἀνομοιομερῆ
667 1669 882 1734 referendum
902 1689 977 1733 esse
995 1669 1031 1732 iu
1046 1669 1223 1750 propatulo
1239 1671 1301 1732 est.

131 1773 176 1836 Ut
199 1776 298 1836 antea
320 1771 419 1853 epodi
443 1778 521 1837 sunt
549 1772 713 1851 carmina,
740 1772 871 1855 periodi
900 1772 1056 1837 binarum
1086 1771 1301 1853 stropharum

133 1876 397 1956 complexiones.
456 1877 563 1942 Verba
596 1876 651 1955 „id
685 1883 736 1940 est
763 1881 833 1941 tres
861 1880 975 1958 partes
998 1876 1116 1959 ea<e>,
1140 1895 1157 1940 e
1180 1875 1302 1957 quibus

131 1979 291 2061 pericope
314 1979 488 2045 subsistit“
513 1981 554 2044 ah
586 2000 641 2058 eo,
671 1981 727 2063 qui
755 1981 896 2044 alteram
921 1979 1100 2062 pericopae
1128 1978 1302 2043 notionem

131 2083 308 2165 amplexus
338 2087 404 2160 est,
439 2082 552 2164 inepte
585 2083 639 2147 hic
673 2103 747 2147 esse
776 2083 944 2148 inculcata
975 2103 1076 2146 nemo
1104 2101 1174 2146 non
1201 2081 1301 2145 videt„

134 2189 270 2268 Integra
291 2190 369 2250 sunt
383 2187 487 2250 verba
502 2206 607 2269 „quae
623 2183 830 2272 ἀνομοιομερῆ
842 2221 885 2233 -
897 2186 1101 2263 conclusio“,
1124 2185 1159 2248 in
1182 2184 1301 2266 quibus

133 2289 256 2354 iterum
278 2289 434 2354 binarum
464 2289 679 2372 strophamm
708 2290 897 2371 coniugatio
924 2290 1111 2372 appellatur
1132 2289 1300 2371 periodos.

132 2394 217 2456 Post
249 2393 463 2471 „conclusio“
492 2393 599 2457 oratio
634 2394 714 2458 hiat.
770 2395 853 2459 Cum
886 2397 986 2458 antea
1019 2394 1220 2476 explicatum
1247 2394 1300 2471 sit,

133 2496 286 2561 carmina
306 2497 370 2561 AB
391 2495 454 2561 AB
477 2497 540 2560 AB
653 2517 726 2561 esse
760 2495 843 2560 κατὰ
875 2495 1049 2580 περικοπὴν
1081 2493 1300 2580 ἀνομοιομερῆ,

130 2605 255 2683 postea
277 2620 388 2665 sermo
412 2600 539 2665 incidat
561 2602 602 2665 de
626 2602 830 2666 carminibus
855 2601 903 2665 sic
927 2600 1125 2683 compositis
1146 2600 1211 2664 ΛΑ
1239 2599 1299 2662 BB

133 2706 194 2769 CC
218 2754 225 2768 .
249 2752 256 2763 .
280 2752 288 2769 .
313 2754 321 2782 ,
345 2722 412 2768 non
435 2704 617 2769 audaculus
640 2706 722 2769 mihi
744 2706 894 2781 videbor,
918 2706 948 2769 si
968 2705 1057 2769 hunc
1079 2705 1149 2769 fere
1171 2704 1206 2767 in
1228 2723 1301 2767 mo-

133 2808 215 2870 dum
238 2807 392 2872 lacunam
416 2807 628 2889 supplevero:
653 2808 803 2890 „periodi
825 2808 1007 2873 conclusio.
1022 2808 1162 2891 <contra
1181 2806 1301 2871 merito

133 2907 219 2973 κατὰ
240 2909 414 2995 περικοπὴν
438 2908 608 2995 ὁμοιομερῆ
637 2911 778 2975 dicimus
808 2911 966 2976 similium
994 2910 1139 2993 partium
1169 2910 1301 2991 copula-

132 3014 228 3079 tione
250 3014 381 3096 periodi
405 3012 689 3098 conclusionem>
713 3015 741 3079 si
765 3014 899 3097 quidem
923 3019 1036 3079 ....“
1081 3014 1168 3096 Ergo
1197 3013 1302 3078 altera

133 3118 305 3182 enarratio
329 3123 401 3183 erat
423 3119 506 3183 haec
529 3118 613 3183 lere:

223 3221 419 3299 „Praeterea
442 3222 606 3303 reperitur
626 3242 878 3305 nonnumquam
895 3221 1085 3287 huiusmodi
1101 3220 1301 3303 compositio

133 3344 294 3389 versuum
317 3325 352 3389 in
375 3326 589 3403 carminibus,
618 3345 689 3390 non
716 3329 753 3390 ut
779 3328 890 3410 prima
912 3325 1111 3408 compositio
1135 3326 1301 3390 secundae

133 3428 376 3511 compositioni
400 3430 485 3493 sicut
507 3429 542 3492 in
565 3430 684 3514 στροφῇ
708 3434 741 3493 et
763 3430 976 3513 antistropho
998 3429 1212 3512 respondeat,
1242 3430 1301 3492 sed

130 3538 171 3597 ut
193 3532 302 3614 prima
329 3532 463 3611 tertiae,
499 3534 647 3597 secunda
680 3537 817 3616 quartae
851 3533 970 3622 similis
1005 3533 1182 3612 habeatur,
1217 3551 1301 3615 quae

134 3634 339 3717 compositio
361 3632 445 3699 κοιτά
466 3634 640 3719 περικοπὴν
666 3634 874 3722 ἀνομοιομερῆ
904 3637 1038 3713 diuitum
1068 3637 1202 3719 quando
1232 3654 1302 3699 non

131 3739 290 3805 sollemni
314 3740 577 3817 continuatione,
600 3740 661 3804 sed
682 3760 742 3821 per
765 3740 959 3805 distantiam
987 3746 1021 3805 et
1047 3742 1243 3806 varietatem
1266 3740 1301 3802 in

132 3842 254 3925 epodis
275 3836 406 3924 periodi
430 3843 674 3925 compleantur;
707 3864 793 3926 quae
827 3836 1035 3930 ἀνομοιομερῆ
1062 3845 1182 3909 merito
1216 3843 1300 3906 dixi-

131 3966 211 4011 mus
244 3947 279 4010 id
312 3950 364 4010 est
397 3946 611 4011 dissimilium
645 3947 791 4029 partium
824 3944 1036 4030 copulatione
1063 3948 1193 4029 periodi
1222 3968 1301 4011 con·

132 4048 242 4115 clusio
266 4099 272 4113 .
294 4050 434 4132 <contra
472 4050 591 4113 merito
625 4046 709 4111 κατὰ
739 4050 914 4134 περικοπὴν
951 4047 1122 4135 ὁμοιομερῆ
1159 4050 1300 4115 dicimus

131 4152 295 4218 similium
317 4154 463 4235 partium
486 4152 697 4234 copulatione
719 4153 849 4235 periodi
872 4154 1154 4237 conclusionem),
1178 4154 1206 4218 si
1228 4155 1301 4237 qui·

130 4258 212 4321 dem
248 4256 385 4325 inducta
418 4256 526 4339 prima
560 4258 698 4338 strophe
732 4260 764 4320 et
802 4257 1016 4339 antistropha
1050 4277 1166 4321 mrsus
1200 4257 1300 4321 aliam

131 4359 300 4441 strophen
324 4363 356 4423 et
378 4359 616 4441 antistropbon
638 4360 916 4440 praecedentibus
934 4359 1131 4423 dissimilem
1147 4361 1301 4425 adferant

129 4500 337 4509 ..μθ-ἡ...-

225 4582 244 4651 ¹)
264 4582 298 4636 cl.
317 4600 389 4651 quae
408 4584 462 4637 dixi
482 4600 506 4653 p.
525 4586 560 4637 56
578 4600 619 4651 sq.
665 4640 667 4643 ,
