3459 5200
773 1125 933 1223 Pars
972 1129 1161 1251 prior.

634 1344 690 1416 De
716 1344 871 1418 Graecis
898 1344 1118 1437 Symmachi
1143 1343 1293 1417 studiis.

893 1548 1043 1557 .—

931 1685 1002 1768 aa.

444 1825 615 1903 Quantum
646 1822 832 1889 litterarum
866 1826 1064 1908 linguaeque
1097 1825 1244 1890 Graecae
1278 1824 1426 1890 studium
1459 1831 1577 1909 quarto

358 1942 436 2023 post
470 1937 641 2004 Christum
675 1943 790 2003 natum
825 1939 958 2003 saeculo
988 1938 1077 2020 apud
1110 1939 1284 2003 Romanos
1317 1938 1468 2017 valuerit,
1505 1943 1577 2004 tum

360 2051 494 2116 demum
516 2049 704 2115 accuratius
728 2050 856 2115 deliniri
885 2050 1019 2133 poterit,
1049 2072 1124 2116 cum
1152 2051 1188 2115 in
1216 2050 1367 2133 singulos
1395 2052 1578 2135 scriptores

329 2196 333 2203 ·
360 2162 537 2245 diligenter
567 2162 607 2227 de
635 2162 699 2227 hac
729 2182 764 2227 re
793 2162 988 2245 inquisitum
1017 2164 1089 2228 erit.
1133 2164 1216 2228 Illud
1240 2169 1396 2229 constare
1425 2163 1509 2229 mihi
1530 2163 1579 2228 vi-

296 2338 298 2343 .
361 2276 458 2341 detur
474 2296 543 2353 eos
568 2275 623 2358 qui
648 2288 716 2339 non
740 2276 892 2357 apueris
914 2281 1055 2360 utraque
1078 2277 1191 2360 lingua
1213 2275 1331 2343 imbuti
1355 2282 1478 2357 essent,
1502 2298 1578 2344 raro

360 2389 547 2473 pleniorem
570 2388 717 2453 Graecae
740 2388 873 2471 linguae
897 2389 1074 2454 scientiam
1096 2394 1270 2455 assecutos
1295 2410 1379 2456 csse.
1417 2391 1580 2477 Hierony-

361 2522 435 2567 mus
466 2501 616 2584 quidem‚
651 2501 706 2582 qui
735 2504 869 2583 praeter
898 2504 1028 2565 eeteros
1057 2504 1213 2584 aequales
1242 2502 1397 2595 doctrina
1429 2503 1580 2583 florebat,

360 2619 536 2699 poetarum
564 2613 815 2696 carminumque
839 2614 1043 2678 Graecorum
1075 2615 1123 2679 nil
1158 2619 1299 2680 noverat
1332 2615 1397 2680 nisi
1432 2618 1580 2696 nomina,

361 2728 536 2811 prosaicos
575 2745 700 2809 paucos
741 2727 865 2807 legerat
904 2730 1003 2810 atque
1043 2727 1144 2792 etiam
1178 2727 1212 2791 in
1248 2727 1410 2793 vertendo
1449 2749 1579 2795 errores

364 2839 572 2922 commisit.¹)
615 2838 796 2917 Ausonius
822 2838 914 2904 cuius
937 2844 1033 2922 pater

536 2971 676 3016 scrmorm
697 2950 905 3035 impromptus
927 2951 1032 3033 Lutto,
1055 2973 1166 3017 omrem
1188 2951 1295 3018 Attico
1316 2950 1430 3038 lippae

603 3061 730 3145 srcffecr't
750 3063 827 3128 culti
848 3064 972 3141 rioribus
993 3062 1118 3150 inpertit
1140 3066 1197 3148 (XI
1219 3067 1271 3145 29
1295 3064 1344 3148 sqss
1368 3066 1537 3149 Schenkl),

364 3182 436 3262 ipse
460 3199 529 3244 non
553 3179 626 3242 sine
649 3178 783 3260 negotio
808 3178 933 3243 Graece
957 3178 1072 3244 didicit
1094 3179 1166 3244 XVI
1188 3179 1261 3259 ala
1285 3198 1373 3261 sqq:

537 3288 654 3354 obstitit
674 3294 801 3354 nostroe
823 3289 899 3370 quir
920 3289 1009 3354 credo
1029 3289 1146 3354 mentis

538 3400 659 3466 tardior
680 3421 792 3466 sensus
813 3421 914 3482 raeque
936 3399 1113 3484 disciplinis

537 3513 660 3597 appulit
685 3512 815 3579 Graccis
831 3513 968 3597 puerilia
989 3513 1059 3579 cerri

537 3625 656 3692 thitts
681 3647 778 3691 error.

364 3743 413 3808 Ac
430 3761 473 3807 ne
489 3739 650 3806 Sidonius
664 3739 808 3822 quidem,
827 3741 978 3821 quamvis
994 3741 1117 3804 multos
1131 3744 1303 3805 enumeret
1316 3740 1460 3806 Graecos
1478 3740 1583 3825 scrip·

365 3859 468 3932 torae,
497 3851 638 3918 nimium
664 3853 699 3918 in
723 3851 771 3916 eis
794 3851 944 3934 legendis
969 3851 1221 3935 consumpsisse
1243 3853 1373 3918 videtur
1397 3852 1583 3935 studium.²)

454 4095 473 4166 ¹)
501 4096 643 4156 Luebeck.
678 4094 751 4147 Hier.
781 4111 851 4161 qnos
882 4093 990 4146 noverit
1021 4093 1169 4162 scriptores
1200 4101 1227 4148 et
1255 4111 1288 4148 ex
1322 4094 1422 4163 quibus
1453 4095 1584 4156 hauserit.

365 4203 392 4255 p.
405 4187 421 4238 6
434 4202 475 4253 sq.
496 4185 529 4237 74
547 4184 609 4236 adn.
631 4184 653 4236 i.
681 4183 777 4250 Neque
791 4181 874 4248 igitur
891 4197 953 4234 cum
966 4181 1124 4244 zoectlem,
1142 4181 1254 4235 Hieron.
1268 4199 1294 4250 p.
1306 4183 1342 4236 34
1359 4182 1442 4235 tidem
1456 4182 1585 4249 derogem

366 4274 466 4328 Rufino
481 4273 541 4325 adv.
553 4271 627 4324 Hier.
641 4270 665 4323 11
677 4271 728 4322 635
741 4269 884 4322 scribenti:
902 4271 965 4322 anm
982 4268 1054 4322 mim
1071 4285 1152 4337 parom
1164 4270 1357 4322 maceraretur
1367 4283 1468 4322 macram
1481 4267 1587 4337 pariter

365 4361 390 4413 et
408 4357 513 4413 litterae
528 4373 637 4428 graecas
654 4359 679 4410 ct
697 4355 816 4427 linquam
830 4354 941 4424 parcitate
958 4354 1105 4425 ignaram.
1132 4356 1174 4408 De
1187 4355 1271 4408 Gallis
1284 4357 1388 4410 Graece
1400 4356 1488 4423 magis
1502 4371 1584 4424 quarn

366 4447 463 4501 Latine
487 4446 618 4499 institutis
642 4445 712 4500 laiso
736 4445 858 4513 loquitur
877 4445 1022 4509 Zoeclrler;
1050 4444 1083 4498 cf.
1103 4443 1209 4498 Teuffel
1227 4443 1292 4497 LG⁵
1312 4444 1397 4506 4662.
1434 4444 1586 4497 Mommsen

368 4535 415 4588 RG
433 4534 535 4587 V³100
553 4550 614 4602 sqq.
650 4533 812 4586 Memorium
835 4532 944 4599 egregie
962 4532 1066 4586 Graece
1085 4531 1199 4584 scivisse
1222 4533 1305 4585 docet
1326 4531 1511 4599 Engelbrecht
1530 4533 1547 4585 l.
1567 4533 1586 4585 l.

367 4638 393 4688 p.
404 4623 463 4684 428,
476 4621 629 4674 Ausonium
639 4621 726 4684 Stahl
740 4622 774 4675 de
783 4620 951 4674 Ausonianis
966 4620 1063 4674 studiis
1073 4625 1218 4688 poetarum
1227 4635 1397 4686 graecorum,
1410 4617 1585 4673 Kiliac1886.

455 4707 477 4778 ²)
497 4709 610 4772 Geisler,
630 4711 664 4763 de
682 4708 850 4778 Apollinaris
871 4706 977 4762 Sidonii
995 4707 1101 4770 studiis,
1120 4707 1231 4761 Vratisl.
1252 4706 1318 4760 1885
1336 4723 1362 4775 p.
1380 4706 1414 4758 82
1433 4706 1495 4759 adn.
