3459 5200
745 374 764 435 5

149 582 292 648 Ausonii
316 581 558 649 consuetudine
580 583 705 660 lloruit;
738 582 1002 650 Andronicus
1030 583 1149 649 studiis
1173 584 1367 650 liberalibus

149 698 182 760 et
210 694 413 761 ¹claritudine
448 696 634 761 carminum
668 698 768 761 notus
803 696 864 762 luit
898 697 1018 778 (Seeck
1049 695 1154 780 prael.
1183 698 1295 765 CXCV
1317 718 1367 781 sq.

149 808 281 875 Sievers
311 809 331 873 l.
356 810 375 873 l.
399 808 490 891 ο,)79);
524 807 567 873 ad
590 807 800 873 Valerium
829 808 976 892 primum
1009 810 1051 873 de
1084 808 1210 892 nuptiis
1244 810 1368 875 librum

149 920 284 1003 scripsit
306 920 529 1003 Augustinus3
552 920 765 987 Palladius
788 926 904 987 orator
926 921 987 986 luit
1010 922 1290 1006 celeberrimus.¹)

234 1060 471 1145 Symmachum
500 1058 599 1142 igitur
622 1080 697 1126 cum
719 1060 763 1125 ad
785 1064 836 1125 tot
857 1064 1036 1144 tantosque
1059 1060 1214 1126 homines
1237 1062 1366 1126 litteras

149 1174 279 1239 dederit
301 1172 523 1255 omnibusque
547 1192 697 1239 summae
719 1172 936 1240 admirationi
958 1174 1068 1251 luerit,
1103 1173 1213 1257 ipsum
1235 1194 1367 1257 quoquc

142 1284 275 1369 'aliquot
290 1285 463 1350 doctrinae
474 1284 615 1368 vestigia
631 1290 895 1371 ornamentaque
912 1286 1139 1353 exhibiturum
1154 1305 1229 1352 esse
1245 1285 1365 1351 merito

149 1402 375 1483 expectamus.
420 1398 645 1482 Quaecunque
667 1403 779 1465 autem
802 1399 837 1463 in
867 1400 963 1465 libris
986 1398 1058 1464 eius
1082 1398 1239 1484 indagare
1262 1400 1365 1483 potui,

148 1512 183 1577 in
206 1512 269 1576 hac
293 1510 576 1576 commentatione
600 1512 754 1593 congessi
777 1516 878 1595 atque
900 1512 948 1577 ita
971 1512 1132 1595 disposui,
1160 1516 1197 1576 ut
1219 1512 1365 1596 primum

149 1624 190 1689 de
219 1622 365 1703 Graecis
400 1622 521 1689 deinde
551 1625 592 1687 de
622 1623 750 1689 Latinis
781 1623 901 1689 studiis
930 1623 1132 1689 dissererem
1153 1625 1267 1708 priore
1289 1625 1365 1691 loco

148 1738 317 1802 collocans
351 1756 435 1819 quae
463 1736 506 1801 ad
535 1736 710 1802 historiam
740 1741 772 1802 et
800 1737 1033 1821 antiquitates,
1067 1736 1174 1803 altero
1206 1757 1290 1822 quae
1321 1739 1365 1803 ad

148 1850 276 1915 litteras
298 1848 478 1933 pertinent.

151 2025 452 2037 *aueo—*—

236 2125 256 2193 ¹)
275 2125 314 2179 cl.
333 2124 455 2179 Boissier
472 2124 565 2179 Journ.
585 2125 634 2179 des
653 2126 715 2179 Sar.
736 2126 803 2179 1888
821 2142 847 2195 p.
867 2127 925 2180 715.
