3459 5200
964 582 1045 670 '100

429 807 579 894 Denique
616 809 805 878 differentia
842 812 944 876 modo
982 812 1115 894 depicta
1152 808 1355 894 significatur
1392 812 1491 894 atque
1524 813 1586 877 sta·

426 915 542 980 bilitur
564 915 675 979 verbis
703 915 958 998 insequentibus
986 913 1137 998 quamvis
1166 915 1326 980 mutilatis
1356 915 1464 994 „solet
1491 916 1585 979 enim

428 1017 654 1083 abundantior
677 1023 710 1083 et
730 1019 862 1101 plenior
886 1017 998 1082 cantio
1025 1017 1171 1082 habere“
1201 1037 1247 1082 sc.
1271 1018 1459 1100 complures
1486 1018 1586 1100 perio-

427 1122 530 1203 dos,¹)
580 1121 675 1187 Hanc
704 1122 794 1186 enim
828 1121 993 1187 enuntiati
1026 1121 1115 1186 illius
1149 1123 1353 1186 sententiam
1386 1121 1490 1187 fuisse
1515 1141 1587 1204 pro·

426 1225 538 1290 babile
561 1231 621 1291 cst.
665 1225 808 1290 Keilium
830 1245 861 1308 p.
889 1226 937 1304 17,
960 1227 997 1290 al
1023 1244 1086 1307 pro
1111 1225 1398 1306 „antistrophen“,
1428 1225 1516 1309 quod
1541 1232 1588 1291 est

429 1328 463 1391 in
487 1328 602 1393 codice
624 1329 854 1412 Neapolitano,
878 1333 969 1393 recte
993 1328 1170 1410 scripsisse
1194 1333 1293 1407 „ante
1319 1328 1501 1412 strophen“
1525 1349 1588 1393 non

429 1431 630 1512 negaverim,
652 1432 712 1496 sed
729 1432 931 1496 sententiam
952 1451 1052 1514 quam
1066 1431 1193 1496 Keilius
1208 1431 1320 1495 effecit
1333 1431 1473 1496 lacunae
1489 1432 1588 1512 signo,

428 1535 517 1618 quod
540 1535 574 1598 in
596 1534 709 1616 priore
732 1534 880 1599 editione
901 1539 980 1615 post
1004 1533 1169 1613 „habere“
1197 1539 1367 1617 posuerat,
1386 1534 1497 1599 deleto
1523 1554 1588 1599 non

428 1637 530 1710 modo
552 1637 781 1704 Fortunatiani
805 1637 949 1716 auctori,
978 1657 1093 1702 verum
1120 1657 1163 1702 ne
1190 1638 1434 1702 Fortunatiano
1462 1638 1589 1721 quidem

427 1741 675 1806 vindicaverim.
719 1739 981 1806 Fortunatianus
1004 1745 1182 1822 postquam
1205 1761 1322 1824 pauca,
1352 1761 1494 1824 quorum
1515 1761 1590 1824 pars

427 1846 549 1910 lacuna
569 1845 691 1910 hausta
717 1865 792 1909 esse
820 1844 966 1924 videtur,
996 1845 1037 1908 de
1067 1844 1271 1909 carminibus
1299 1844 1468 1926 proodicis
1496 1849 1592 1928 atque

427 1947 608 2013 mesodicis
632 1951 665 2011 et
688 1947 729 2012 de
752 1948 975 2030 responsione
998 1948 1088 2012 intra
1108 1947 1218 2029 ipsam
1240 1947 1384 2013 triadem
1413 1947 1592 2030 conspicua

428 2051 572 2131 monuit,
607 2071 682 2117 eum
716 2052 772 2134 qui
800 2052 897 2134 plura
931 2051 972 2115 de
1000 2050 1108 2116 triade
1135 2055 1311 2136 quaereret
1338 2051 1382 2116 ad
1416 2051 1593 2134 magistros

429 2155 573 2219 Graecos
591 2155 759 2236 relegavit,
776 2173 851 2218 cum
867 2154 932 2236 ipsi
947 2153 1077 2219 Horatii
1093 2154 1269 2237 interpreti
1283 2153 1429 2219 triadum
1444 2156 1595 2236 exempla

429 2258 597 2322 deessent.
641 2257 737 2322 Hanc
760 2257 801 2321 de
823 2257 932 2322 triade
956 2257 1214 2340 explicationem
1235 2278 1267 2339 p.
1286 2258 1335 2338 17,
1360 2259 1487 2323 11-24
1506 2258 1596 2323 unde

324 2425 327 2432 ,
429 2361 579 2426 hauserit
600 2361 721 2427 Atilius
745 2361 920 2444 apparebit
947 2362 1096 2440 demum,
1124 2362 1181 2426 ubi
1204 2361 1367 2427 Victorini
1392 2362 1499 2427 libros
1521 2381 1598 2444 per-

428 2465 668 2530 censuerimus,

514 2567 725 2633 Victorini
753 2569 922 2634 enarratio
944 2588 976 2652 p.
999 2569 1050 2648 56,
1077 2569 1223 2648 15-60,
1247 2569 1288 2634 25
1312 2573 1345 2633 et
1367 2567 1545 2652 scriptoris
1569 2572 1600 2633 et

428 2671 642 2738 librariorum
665 2673 794 2737 incuria
816 2677 885 2738 tam
914 2672 1011 2738 foede
1041 2673 1222 2756 depravata
1251 2679 1317 2752 est,
1350 2678 1389 2737 ut
1416 2692 1486 2738 non
1521 2692 1600 2738 raro

429 2776 508 2860 quid
535 2776 742 2855 Victorinus,
777 2776 857 2859 quid
887 2776 1117 2858 AphthoniuS,
1152 2777 1233 2859 quid
1265 2776 1451 2859 Aphthonii
1481 2780 1603 2840 auctor

429 2880 601 2962 scripserit
624 2884 715 2944 certo
739 2880 868 2943 deliniri
891 2886 1045 2963 nequeat.
1081 2880 1279 2945 ,accuratius
1295 2883 1407 2945 autem
1424 2880 1601 2963 quamad-

429 2984 493 3047 huc
516 2983 640 3047 lactum
664 2987 715 3047 est
738 3002 822 3066 quae
846 2983 987 3065 singulis
1011 2983 1196 3049 debeantur
1218 2983 1367 3047 discerni
1388 3002 1491 3064 posse
1515 2984 1602 3048 mihi

428 3088 591 3170 persuasi.
636 3088 744 3168 Atque
766 3087 896 3151 etiamsi
914 3106 999 3169 quae
1019 3107 1208 3170 proponam
1231 3105 1300 3151 non
1324 3088 1366 3151 ab
1390 3086 1482 3151 omni
1502 3093 1605 3169 parte

430 3194 521 3255 certa
544 3189 622 3268 sint,
645 3190 790 3255 fortasse
812 3189 912 3255 alicui
934 3189 978 3254 ad
1000 3194 1126 3254 rectam
1149 3190 1237 3254 viam
1259 3188 1500 3255 inveniendam
1523 3192 1605 3255 usui

431 3297 537 3358 erunt.
577 3292 721 3373 ¹Initium
754 3292 849 3375 capio
884 3293 926 3356 ab
961 3313 1000 3357 ea
1032 3298 1143 3375 parte,
1178 3293 1230 3357 cui
1258 3293 1349 3359 idem
1376 3292 1453 3357 fons
1482 3294 1607 3359 subest

419 3402 528 3489 atque
542 3396 785 3461 Fortunatiano
807 3415 839 3478 p.
859 3397 908 3474 17,
927 3397 1052 3460 11-24
1066 3397 1098 3461 h.
1116 3416 1143 3461 e.
1167 3416 1233 3479 ap.
1251 3397 1335 3475 58,5
1352 3417 1424 3480 sqq.
1462 3396 1608 3461 Etenim

431 3500 634 3563 adverbum
655 3520 761 3582 usque
784 3500 871 3564 duae
892 3500 969 3565 illae
997 3501 1230 3565 enarrationes
1260 3500 1458 3577 concinunt,
1488 3500 1612 3564 cuius·

430 3604 522 3667 modi
556 3623 773 3683 consensum,
807 3604 997 3687 ubicunque
1026 3604 1115 3669 inter
1143 3603 1351 3669 Victorinum
1379 3608 1412 3667 et
1432 3603 1613 3667 Fortuna·

429 3707 559 3772 tianum
587 3706 862 3790 deprehenditur,
898 3707 947 3771 sic
975 3708 1086 3772 solent
1119 3706 1275 3771 homines
1309 3706 1399 3772 docti
1427 3707 1614 3789 expedire,

312 3853 313 3862 .
429 3814 467 3875 ut
488 3816 665 3895 utrumque
688 3811 807 3877 eodem
830 3811 923 3875 fonte
945 3830 1044 3875 usum
1070 3830 1146 3875 esse
1170 3815 1332 3877 statuant:
1366 3830 1467 3894 quam
1498 3812 1616 3876 ratio·

431 3934 508 3978 nem
531 3914 586 3977 hic
609 3934 740 3997 quoque
762 3915 874 3979 valere
897 3934 972 3979 cum
995 3934 1037 3979 ex
1059 3914 1133 3978 aliis
1157 3914 1257 3978 rebus
1280 3918 1351 3979 tum
1374 3934 1415 3979 ex
1433 3914 1616 3980 Victorini

431 4018 466 4081 in
489 4017 585 4081 initio
608 4016 846 4082 additamentis
877 4021 909 4081 et
937 4038 978 4082 ex
1008 4016 1197 4081 differentia
1225 4016 1261 4082 in
1289 4016 1388 4099 epodi
1411 4020 1445 4082 et
1466 4018 1617 4099 periodi

431 4120 668 4204 explanatione
696 4122 740 4203 (p.
767 4122 818 4200 58,
849 4123 888 4185 13
916 4121 1002 4204 sqq.)
1030 4122 1213 4204 conspicua
1241 4126 1390 4204 apparet.
1433 4120 1621 4187 Fortuna·

432 4225 514 4290 tiani
533 4225 791 4304 enarrationem,
815 4225 843 4289 si
868 4226 1049 4290 recesseris
1072 4246 1093 4290 a
1112 4224 1229 4309 paucis
1245 4224 1458 4290 librariorum
1475 4228 1623 4291 errori·

431 4385 633 4393 -,---.

521 4484 541 4552 ¹)
561 4482 614 4550 Qui
633 4482 816 4535 differentiam
829 4480 907 4537 illam
921 4498 954 4536 ex
966 4482 1059 4538 verbis
1071 4482 1179 4537 traditis
1198 4483 1349 4538 eruendam
1367 4498 1430 4536 esse
1448 4486 1626 4551 negaverit.

433 4572 536 4627 scribat
554 4588 668 4627 necesse
688 4576 730 4624 est
749 4572 836 4637 „haec
854 4572 937 4640 igilur
955 4573 1046 4626 cantio
1064 4572 1159 4641 lyrica,
1178 4588 1250 4640 quae
1262 4577 1319 4627 tres
1330 4574 1383 4625 has
1400 4574 1496 4641 partes
1510 4570 1627 4626 babet.

435 4661 564 4727 periodos
584 4658 752 4726 appellatum
772 4660 870 4715 eadem
889 4659 965 4721 trias,
984 4660 1050 4727 quia
1069 4676 1101 4713 ex
1121 4659 1207 4713 tribus
1226 4658 1293 4729 [his]
1311 4661 1443 4713 constet“.
