3459 5200
716 411 754 476 11

136 609 226 675 lfalus
249 609 354 674 omnia
378 609 410 673 in
434 607 553 673 malum
576 606 678 690 vertit,
697 607 797 672 etiam
820 627 905 690 quae
928 626 1001 672 oum
1024 605 1134 690 speeie
1157 605 1270 691 optimi
1290 626 1343 671 ve-

133 723 246 784 nerant:
284 721 391 782 reotus
432 723 529 800 atque
562 714 687 798 integer
718 715 851 797 corrigit
883 733 986 799 prava
1017 712 1165 778 fortunae
1199 719 1233 778 et
1264 712 1345 778 dura

133 831 219 908 atque
241 843 358 909 aspera
381 821 506 889 ferendi
531 822 668 888 scientia
696 821 800 887 mollit
827 821 978 905 idemque
1010 828 1043 886 et
1076 820 1219 886 secunda
1253 828 1345 904 grate

132 933 230 1016 eoepit
250 929 463 1014 modesteque
492 937 525 995 et
548 931 678 995 aduerso
700 936 874 994 oonstoater
895 948 936 993 ae
960 928 1092 994 fortiter.
1115 928 1173 1012 Ep.
1200 929 1271 994 120.
1290 931 1343 994 12:

129 1057 289 1122 numquam
312 1038 361 1102 vir
388 1035 443 1104 ille
471 1036 634 1122 perfectus
663 1035 866 1122 adeptusque
894 1036 1044 1102 virtutem
1071 1035 1219 1101 fortunae
1246 1034 1344 1100 male·

129 1143 209 1211 dixit
230 1167 396 1230 amnquom
418 1147 585 1210 occidentia
609 1147 704 1209 tristis
727 1146 852 1228 excepit.

209 1361 243 1425 T.
274 1359 464 1443 tigria-⁴16.
497 1362 529 1424 l:
560 1357 595 1424 Si
627 1360 694 1443 qais
722 1357 845 1442 piorum
876 1357 1023 1422 manibus
1051 1358 1142 1437 locam
1171 1361 1208 1439 et,
1236 1365 1272 1421 ut
1297 1381 1345 1422 so·

123 1469 268 1552 pieatibar
297 1466 414 1552 placet,
443 1486 507 1531 non
535 1486 607 1531 cum
635 1487 763 1550 empore
791 1466 1019 1548 extinguuntur
1046 1484 1186 1548 magnae
1214 1467 1344 1544 animae,

122 1577 234 1658 placide
251 1578 398 1659 quiescas,
419 1593 542 1656 nosque
561 1571 691 1638 domum
714 1578 802 1637 tuam
825 1573 868 1638 ab
890 1572 1015 1638 infirmo
1039 1571 1201 1638 desiderio
1226 1579 1258 1637 et
1280 1592 1345 1636 mnr-

126 1681 275 1748 liebribus
291 1681 441 1746 lamentis
456 1679 497 1745 ad
515 1683 794 1765 contemplationem
817 1684 964 1746 virtutum
987 1688 1111 1746 aarum
1133 1698 1239 1763 voces,
1263 1699 1346 1761 quas

125 1809 223 1872 neque
246 1788 353 1871 lugeri
376 1807 482 1872 neque
504 1785 618 1873 plangi
641 1787 692 1854 fas
717 1794 775 1853 est.
808 1786 1023 1852 admiratione
1044 1793 1077 1852 te
1100 1787 1207 1871 potins
1232 1793 1265 1852 et
1288 1786 1344 1850 im-

125 1896 343 1963 mortabilibus
362 1894 513 1961 laudibus
535 1901 575 1979 et,
595 1893 623 1961 si
641 1900 757 1959 natura
772 1893 966 1980 suppeditet,
985 1897 1182 1960 similitudine
1195 1897 1346 1960 colamus:

125 2005 149 2069 is
171 2024 265 2070 verus
290 2002 403 2082 honos,
434 2023 473 2068 ea
497 2001 752 2068 coniunctissimi
776 2001 933 2084 cuiusque
955 2002 1071 2086 pietas.
1099 1999 1133 2064 id
1156 2000 1244 2067 filiae
1268 2021 1345 2086 quo·

125 2132 182 2194 que
205 2111 364 2196 uxorique
387 2110 617 2196 praeceperim,
642 2110 689 2176 sio
710 2110 824 2196 patris,
849 2110 897 2175 sic
919 2110 1026 2174 mariti
1049 2114 1228 2175 memoriam
1250 2129 1346 2174 vene-

123 2219 192 2304 rari,
215 2227 251 2285 ut
274 2223 379 2285 omnia
395 2224 484 2303 saeta
507 2221 645 2302 dictoque
667 2221 733 2282 eiua
757 2236 866 2283 seeum
889 2218 1066 2301 revolvant,
1084 2215 1283 2300 formamque
1306 2237 1345 2281 ao

123 2325 254 2410 figuram
294 2325 393 2391 animi
429 2325 535 2408 magis
573 2345 669 2408 quam
701 2324 845 2408 corporis
862 2308 1142 2408 complectantur,
1174 2345 1238 2388 non
1270 2323 1347 2407 quia

123 2431 383 2500 intercedendum
421 2440 531 2519 putem
568 2431 761 2516 imaginibus
794 2452 878 2515 quae
909 2453 1063 2498 emanare
1095 2438 1152 2496 aut
1183 2451 1259 2497 aere
1290 2431 1346 2495 firr-

121 2547 242 2628 gnntnr,
272 2540 341 2626 sed,
369 2547 404 2607 ut
431 2540 538 2608 voltus
566 2539 741 2624 hominum,
773 2540 821 2605 ita
848 2537 1021 2608 simulacra
1048 2539 1154 2606 voltus
1184 2538 1347 2605 imbecilla

120 2668 157 2713 ac
180 2649 333 2715 mortalia
357 2656 439 2733 sunt,
456 2654 566 2732 formo
588 2651 696 2713 meotis
719 2656 853 2729 aeterna,
875 2666 972 2730 quarn
990 2654 1101 2713 tenere
1121 2653 1153 2713 et
1167 2647 1347 2733 exprimere

118 2775 180 2820 non
202 2777 264 2842 per
288 2756 428 2821 alienam
451 2755 622 2821 materiam
646 2760 678 2820 et
701 2760 812 2839 artem,
834 2752 893 2819 scd
908 2754 973 2821 tuis
987 2755 1059 2838 ipse
1074 2755 1215 2821 moribus
1230 2756 1347 2840 possis.

119 2862 279 2948 quidquid
305 2883 343 2928 ex
367 2863 521 2946 Agricola
551 2862 739 2947 amavimus,
767 2860 924 2945 quidquid
951 2862 1059 2926 mirati
1088 2881 1206 2945 snmus,
1239 2869 1348 2928 manet

119 2989 373 3053 mansurumque
397 2978 446 3035 est
468 2970 501 3034 in
525 2970 641 3034 animis
672 2968 848 3052 hominum,
877 2968 910 3032 in
937 2968 1129 3035 aeternitate
1157 2976 1346 3053 temporum,

120 3077 149 3141 in
175 3076 268 3143 fama
292 3097 412 3159 rerum3
435 3096 511 3142 nam
533 3079 643 3142 maltos
669 3086 806 3142 veteram
833 3073 922 3140 velut
948 3076 1104 3159 inglorios
1133 3083 1165 3139 et
1193 3075 1346 3158 ignobilis

118 3184 239 3250 oblivio
276 3184 394 3250 obruit:
428 3184 574 3268 Agricola
605 3183 789 3268 posteritati
821 3190 972 3249 narratus
1005 3190 1037 3247 et
1069 3180 1208 3248 traditus
1237 3169 1356 3267 super-¹

114 3298 182 3358 stes
207 3292 282 3359 erit.

205 3399 241 3468 S.
268 3398 328 3484 Ep.
353 3400 406 3468 63.
434 3402 491 3465 16:
521 3398 707 3479 Cogitemus
736 3418 822 3483 ergo,
851 3396 956 3462 Lucili
984 3397 1166 3482 carissime,
1195 3397 1259 3463 cito
1287 3417 1347 3463 nos

113 3526 151 3571 eo
181 3510 411 3592 perventuros,
441 3526 503 3588 quo
532 3504 622 3570 illum
649 3504 837 3590 pervenisse
865 3524 1054 3570 maneremus.
1084 3510 1117 3569 et
1145 3504 1293 3587 fortasse,
1320 3508 1349 3568 ci

112 3612 213 3679 modo
229 3633 312 3679 vera
335 3615 518 3697 aopieabcm
542 3611 629 3676 fama
653 3618 703 3677 est
725 3612 904 3697 recipitque
927 3631 987 3677 nos
1010 3614 1094 3676 lecara
1116 3614 1236 3696 ceptis,
1252 3631 1347 3695 quem

110 3728 272 3805 putamus
304 3720 440 3805 perisse,
474 3719 673 3805 praemissus
704 3726 762 3784 est.
799 3718 858 3805 Ep.
893 3722 946 3786 65.
981 3720 1039 3783 20:
1076 3717 1146 3801 Ego
1183 3719 1248 3783 ista
1283 3738 1347 3783 non

110 3830 362 3911 quaeram?
386 3847 469 3910 quae
491 3829 578 3892 redes
603 3832 751 3911 expectet
774 3831 912 3892 animam
936 3824 1074 3891 solutam
1097 3825 1225 3908 legibus
1250 3826 1347 3891 servi-

110 3936 191 4002 tutis
221 3935 413 4002 humanae?
443 3934 501 4020 Ep.
529 3937 579 4001 76.
605 3936 662 4001 25:
686 3937 714 3999 at
740 3932 836 3998 modo
866 3932 993 3999 solutae
1021 3934 1199 4017 corporibus
1227 3936 1349 3998 animoa

110 4048 263 4125 manent,
287 4040 413 4107 felicior
435 4040 501 4106 illis
526 4048 630 4107 status
657 4048 760 4107 restat
791 4060 888 4123 qnam
916 4046 973 4125 est,
1007 4039 1083 4105 dum
1113 4047 1283 4105 versantur
1315 4039 1348 4103 in

109 4168 266 4235 corpore.
296 4148 354 4233 Ep.
381 4146 454 4218 102.
480 4152 515 4214 2:
544 4148 678 4214 iuvabat
705 4147 746 4213 de
774 4151 953 4213 aeternitate
979 4152 1156 4213 catinorum
1183 4167 1348 4232 quaerere,
1437 4184 1439 4187 >

107 4256 210 4322 immo
237 4255 440 4322 mehercules
464 4254 921 4341 credere.tap.1rr.c:eum
944 4259 1118 4320 animatam
1139 4258 1349 4319 uetmaitotem

105 4362 321 4431 disserimus.
350 4361 394 4428 ad
417 4362 530 4448 Polyb.
561 4361 602 4427 de
631 4362 751 4431 consol.
780 4363 825 4428 IX
842 4366 878 4429 8:
907 4363 1037 4427 Fruitur
1063 4381 1148 4427 nunc
1175 4367 1287 4445 aperto
1317 4369 1350 4427 et

102 4470 213 4537 libero
243 4470 347 4556 eaelo,
376 4490 417 4535 ex
445 4470 558 4535 humili
588 4477 685 4553 atque
719 4470 874 4555 depresso
908 4470 940 4534 in
973 4490 1046 4535 eum
1079 4468 1209 4534 emicuit
1240 4472 1347 4551 boam,

103 4580 259 4664 prsequar
282 4579 333 4643 ille
355 4586 409 4660 est,
433 4581 485 4663 qai
514 4578 637 4644 solutas
667 4577 804 4645 vinculis
836 4581 958 4644 coiraco
990 4577 1085 4641 beato
1117 4576 1234 4661 recipit
1266 4576 1347 4642 sinu.

101 4686 163 4770 Ep.
185 4689 246 4753 57.
273 4688 369 4752 t-o.
386 4722 424 4731 -
445 4684 489 4749 ad
512 4685 609 4750 Mare.
636 4684 677 4750 de
701 4684 820 4751 consol.
842 4684 949 4748 XXIV
964 4686 984 4748 4
1001 4702 1063 4766 sq:
1083 4685 1203 4748 Horam
1221 4693 1347 4751 contern-
