3459 5200
685 394 888 494 A..

204 604 274 685 tem,
288 622 330 670 ne
341 624 361 670 a
372 601 471 672 souis
481 604 658 686 discederet,
670 602 771 671 matta

204 716 288 783 dicta
317 718 425 783 urbem
447 718 552 803 epredi
568 738 685 801 passus
705 736 772 783 non

203 834 256 895 est.
291 832 339 897 af.
363 832 431 897 vlu
459 834 546 913 iss:
572 830 665 896 ortu
691 814 774 896 oue

203 941 343 1025 spatium
352 941 772 1025 aepnoitMeteltsu,qocor-

204 1058 293 1137 toque
314 1075 402 1121 anno
419 1060 491 1141 post
512 1054 693 1121 cursiniano
713 1054 772 1119 im·

198 1167 292 1251 poto
318 1190 415 1235 senece
441 1168 610 1249 admodum
625 1165 774 1252 pontifex

203 1280 365 1346 mmmmm
379 1285 503 1347 creotm
524 1280 654 1346 tutelam
675 1277 772 1345 caeri-

203 1391 385 1457 menmium
395 1392 532 1476 perduc
547 1397 577 1457 et
592 1390 660 1456 XX
670 1410 774 1457 annos

202 1522 304 1586 neqrre
324 1526 377 1569 ore
397 1504 434 1570 in
450 1503 530 1569 uotis
543 1502 774 1587 nuncupandis
834 1514 837 1523 ’

204 1614 379 1682 haesitante
410 1636 512 1699 neque
538 1616 576 1680 in
609 1613 774 1697 sacrificiis

202 1726 359 1811 faciundis
387 1728 521 1795 tromeda
545 1748 647 1795 marcu
665 1727 771 1813 pessit.

161 1843 173 1905 1
196 1843 216 1905 6
239 1845 304 1907 ext.
328 1844 364 1907 3:
390 1840 548 1907 Formicis
571 1839 681 1906 Midae
702 1838 774 1904 iure
808 1839 851 1904 IX
866 1840 923 1905 84:
945 1837 1069 1904 litterae
1090 1843 1164 1905 tuae
1184 1838 1328 1907 munies
1342 1840 1419 1907 Plo·

204 1952 374 2037 meritoque
405 1974 479 2039 opes
501 1948 653 2027 Platonis
677 1973 771 2037 prae-
851 1951 992 2017 tonicum
1027 1956 1145 2018 neoteu.
1202 1955 1249 2019 Cf.
1280 1958 1347 2021 Cic.
1376 1959 1418 2021 de

205 2064 348 2129 tulerim:
380 2064 452 2131 diae
472 2064 559 2131 enim
580 2064 715 2129 caducae
737 2084 773 2129 ae
851 2064 917 2131 div.
940 2066 953 2130 Ι
975 2066 1016 2130 78
1038 2066 1083 2148 (p.
1108 2068 1172 2149 73).

201 2176 338 2262 frontis,
361 2177 419 2243 hoe
440 2176 555 2244 solidae
576 2182 607 2243 et
626 2181 773 2243 aeternae

201 2287 363 2372 felicitatis
373 2288 494 2355 indices
505 2289 690 2369 extiterunt,
701 2288 772 2355 dor·

203 2401 333 2467 muniis
353 2400 392 2466 in
412 2402 506 2468 menos
518 2400 646 2487 parasiti
660 2400 775 2467 moedis
828 2422 831 2429 ·

205 2512 265 2579 met
285 2512 464 2581 inserendo.

162 2629 264 2708 18‚1:
291 2627 450 2694 Castorem
471 2649 542 2693 vero
564 2632 594 2692 et
615 2626 773 2692 Pottucem
809 2627 934 2708 1953:
977 2626 1050 2693 otim
1085 2649 1157 2695 cum
1188 2649 1240 2695 res
1270 2627 1419 2696 Romano

203 2739 298 2804 etiam
325 2739 377 2804 ao
407 2745 541 2823 tempore
558 2761 618 2824 pro
642 2737 774 2824 imperio
851 2741 983 2807 adoreae
995 2739 1146 2806 militaris
1157 2740 1261 2826 potita
1275 2747 1330 2822 est,
1345 2741 1418 2807 Pot-

202 2851 312 2936 populi
345 2850 486 2916 Ranani
513 2850 695 2916 eaucbocisse
726 2873 773 2915 co·
851 2851 934 2917 luces
951 2852 1074 2940 pemini
1091 2853 1178 2936 apud
1192 2853 1354 2920 Irctocrnae
1373 2853 1419 2920 la-

202 2962 331 3048 pnitum
355 2967 409 3044 est,
443 2983 504 3046 quo
525 2962 568 3029 ad
588 2963 691 3029 lacum
713 2962 771 3028 Iu-
850 2986 922 3030 sum
938 2965 1053 3049 prodii
1073 2966 1212 3033 secunda
1232 2967 1416 3053 mdpancnt

205 3079 321 3141 tumme
355 3097 451 3140 mosim
480 3097 690 3158 uacuumque
718 3097 771 3142 su·
850 3099 900 3143 eos
924 3077 1038 3162 pompe
1059 3078 1284 3163 priscorum
1310 3079 1418 3145 volsc-

203 3187 307 3253 dorem
329 3185 487 3253 abluentes
508 3187 569 3253 cisi
591 3193 677 3255 sient.
849 3189 997 3256 minum
1016 3189 1120 3277 fides
1142 3192 1275 3258 tradidit
1295 3193 1419 3258 audietis

849 3302 937 3384 equis
953 3303 1064 3387 piures
1083 3303 1210 3370 nidoris
1231 3309 1262 3370 et
1281 3305 1420 3388 patueris

846 3412 936 3497 fonsa
968 3415 1035 3480 oeae
1056 3421 1129 3500 post
1155 3421 1278 3504 terpum
1309 3417 1419 3483 relicta

848 3525 1006 3594 indicium
1048 3528 1218 3614 adfectasse
1259 3529 1416 3598 uictoriae.

848 3637 931 3705 idem
957 3661 1048 3707 neone
1075 3641 1155 3708 mihi
1181 3663 1269 3709 sacro
1298 3641 1417 3709 iudicio

847 3749 954 3833 factus
974 3758 1020 3819 est
1040 3753 1159 3820 uuor:
1192 3755 1240 3821 ita
1260 3761 1418 3839 astantum

846 3864 971 3948 prorue
1005 3864 1147 3932 Castores
1181 3868 1287 3954 adepti
1329 3873 1417 3951 ment,

850 3979 976 4042 tantum
991 3977 1156 4063 principes
1171 3980 1414 4065 praestiterunt.

164 4085 191 4150 ΙΙ
209 4087 294 4166 lou:
320 4083 354 4150 C'.
375 4082 470 4149 etium
492 4083 621 4150 Morinis
642 4083 679 4149 in
696 4105 771 4168 pro·
807 4107 854 4153 or.
871 4089 934 4155 15:
957 4090 1121 4156 credamus
1134 4091 1277 4158 historiis
1290 4093 1417 4160 minora

204 4195 345 4280 fundocm
363 4194 551 4262 ultimarum
569 4195 772 4262 miseriarum
848 4199 1049 4286 iactantibus,
1072 4225 1152 4286 piae
1170 4203 1284 4289 ferrent
1298 4206 1416 4272 Goiscm

206 4307 342 4374 abactus
356 4329 397 4373 eec
409 4307 477 4392 ipso
492 4308 575 4374 vitoe
589 4307 772 4376 discrimine
851 4311 997 4382 Marium
1013 4336 1161 4400 pressim
1182 4316 1248 4383 tabe
1266 4315 1418 4401 fortunae

204 4417 348 4500 unefieio
359 4419 531 4486 maiestatis
545 4420 679 4488 emersit.
695 4420 770 4487 mis·
848 4423 967 4496 obtectu
987 4427 1123 4510 prowm
1138 4429 1261 4514 prioris
1285 4431 1417 4496 amasse

203 4553 259 4596 sus
290 4531 377 4597 enim
403 4533 446 4599 ad
472 4555 544 4598 urm
568 4533 770 4600 mcidendum
848 4539 1049 4608 reverentiae.
1093 4563 1165 4607 urm
1185 4543 1341 4625 semendis,
1363 4543 1415 4610 in·

204 4643 671 4728 inprioatadomoMinturnis
685 4646 770 4712 clarc
847 4649 975 4734 quiunt,
1007 4651 1100 4719 reboo
1126 4654 1196 4721 eius
1221 4655 1260 4722 in
1284 4657 1416 4724 aduerso

203 4777 276 4824 sum
311 4779 421 4824 sermio
448 4759 607 4844 matitinis,
639 4759 771 4826 natione
846 4764 979 4830 mactatis
991 4764 1098 4831 uriom
1114 4771 1176 4833 toto
1189 4767 1260 4836 orbe
1269 4768 1415 4836 rictorem

1229 4891 1262 4947 6*
