3459 5200
913 682 919 687 .
986 581 1047 655 al

431 799 470 864 cf.
487 819 571 882 quae
588 797 657 864 dixi
674 821 706 882 p.
725 801 784 864 109
800 820 850 882 sq.
889 801 1081 882 Sequuntur
1103 819 1136 882 p.
1152 799 1204 882 59,
1227 800 1335 864 8--99
1355 804 1535 882 praecepta
1556 799 1597 864 ad

430 903 580 967 carmina
601 902 685 966 κατὰ
705 901 880 986 περικοπὴν
902 907 936 966 et
959 902 1138 985 ephymnia
1163 903 1378 984 pertinentia.
1427 903 1597 968 [1515511-

429 1008 492 1071 bus
514 1025 576 1089 pro
600 1011 691 1071 certo
714 1009 798 1072 haec
814 1007 980 1072 affirmare
995 1006 1089 1070 lieet:
1112 1007 1276 1088 pa1ticula
1290 1027 1322 1089 p.
1338 1008 1391 1088 58,
1404 1009 1445 1071 93
1455 1043 1492 1055 -
1502 1009 1553 1086 59,
1567 1009 1597 1081 5,

318 1158 326 1168 .
429 1111 558 1192 quade
582 1111 782 1193 syllabarum
806 1111 1060 1176 coniunctamm
1084 1115 1117 1174 et
1137 1109 1318 1174 divisarum
1334 1111 1426 1176 inter
1441 1112 1597 1193 strophas

428 1213 652 1296 responsione
674 1215 790 1296 agitur,
808 1235 827 1279 a
842 1215 1070 1279 Thacomesto
1089 1212 1253 1295 originem
1269 1213 1378 1291 duxit3
1402 1214 1443 1278 cf.
1463 1215 1597 1280 Schultz

428 1337 460 1399 p.
475 1318 527 1382 46.
565 1318 664 1397 Idem,
690 1318 746 1401 qui
760 1339 792 1400 p.
809 1318 860 1396 58,
878 1319 917 1382 19
939 1317 1039 1382 triadi
1062 1316 1224 1398 epodicae
1247 1336 1372 1382 nomen
1394 1317 1527 1399 periodi
1549 1318 1599 1381 in·

429 1420 522 1498 didit,
546 1441 577 1504 p.
600 1422 651 1500 59,
677 1420 717 1483 16
740 1424 772 1484 et
797 1420 837 1484 18
861 1420 1047 1485 carminum
1069 1417 1152 1482 κατὰ
1173 1415 1348 1502 περικοπὴν
1370 1416 1599 1504 ἀνομοιομερῶν

427 1527 541 1604 partes
570 1524 658 1589 inter
693 1543 729 1587 se
763 1522 1009 1604 respondentes
1037 1522 1196 1604 periodos
1226 1522 1421 1587 nominavit.
1475 1523 1599 1589 Contra

429 1627 484 1711 qui
514 1626 748 1711 μονοπερίκοπα
776 1630 809 1691 51
836 1625 1075 1709 πολυπερίκοπα
1107 1646 1140 1708 p.
1167 1627 1220 1704 59,
1245 1628 1329 1690 la-
1342 1627 1382 1690 15
1411 1627 1599 1710 descripsit,

429 1739 564 1796 carmen
589 1753 629 1796 ex
653 1731 791 1812 strophe
814 1736 845 1795 et
875 1731 1090 1812 antistropho
1122 1740 1154 1794 et
1183 1729 1292 1812 epodo
1327 1734 1490 1796 constans
1518 1752 1600 1814 περι-

427 1830 531 1918 κοπήν
553 1834 714 1917 appellari
743 1833 866 1898 docuit.
922 1833 1073 1916 Denique
1107 1833 1258 1916 quamvis
1287 1853 1348 1915 per
1374 1834 1536 1916 ambages
1559 1835 1600 1900 ad
1690 1868 1691 1895 ;

428 1939 571 2003 eundem
604 1943 776 2003 auctorem
811 1937 953 2003 redeunt
986 1938 1068 2002 Vict.
1096 1958 1129 2020 p.
1161 1937 1219 2015 58,
1248 1938 1367 2001 6-23
1396 1942 1430 2001 et
1462 1938 1600 2003 Fortun.
1690 1938 1691 1945 ’

426 2061 457 2123 p.
486 2041 533 2120 17,
559 2041 694 2107 11-95,
736 2042 829 2106 Haeo
854 2046 934 2106 sunt
956 2045 1056 2119 certa,
1081 2041 1140 2104 sed
1162 2040 1358 2105 coniectura
1380 2041 1481 2105 etiam
1500 2043 1601 2124 paulo

427 2144 559 2225 longius
581 2143 865 2227 progrediendum
888 2163 964 2208 esse
981 2143 1122 2208 videtur.
1158 2143 1329 2207 Particula
1343 2162 1376 2224 p.
1392 2143 1445 2220 59,
1460 2145 1601 2217 94-99,

428 2267 494 2330 qua
517 2249 694 2331 ephymnia
716 2247 961 2325 describuntur,
985 2267 1070 2330 quae
1093 2247 1165 2325 „vel
1188 2247 1322 2329 hymnis
1344 2247 1397 2310 vel
1420 2246 1604 2329 dithyram-

427 2352 480 2416 bis
505 2350 673 2434 supercini
696 2347 848 2435 (ἐπᾴδειν)
871 2351 976 2415 moris
1000 2355 1084 2429 est“,
1106 2354 1218 2415 utrum
1241 2371 1262 2414 a
1276 2349 1358 2415 Iuba
1372 2369 1417 2414 an
1432 2369 1453 2414 a
1468 2351 1604 2416 Thaco·

428 2460 537 2520 mesto
562 2454 743 2537 repetenda
767 2454 810 2518 sit
831 2473 894 2536 pro
919 2458 1010 2519 certo
1033 2474 1103 2519 non
1122 2454 1389 2536 disceptaverim.
1434 2454 1505 2519 Sed
1528 2474 1603 2519 cum

427 2578 588 2642 perquam
612 2558 731 2624 similis
755 2558 799 2623 sit
814 2558 1078 2641 Hephaestionis
1097 2557 1313 2641 explicationi
1327 2577 1360 2640 p.
1375 2557 1465 2622 XXV
1483 2560 1499 2623 1
1519 2579 1605 2643 sqq..

427 2664 462 2727 in
486 2684 551 2747 qua
575 2663 830 2744 ephymniorunr
853 2664 1007 2745 exempla
1024 2663 1242 2745 proferuntur
1256 2662 1443 2727 locutiones
1460 2658 1492 2745 ἰν)
1508 2662 1606 2727 aonia

428 2770 460 2829 et
477 2764 502 2829 ὠ
518 2763 702 2852 διθύραμβε,
727 2786 869 2849 cumque
890 2767 933 2832 ab
951 2767 1000 2831 eis
1018 2787 1102 2849 quaa
1118 2766 1325 2849 praecedunt
1339 2767 1371 2847 p.
1388 2767 1441 2843 59,
1459 2767 1501 2829 15
1518 2787 1605 2849 sqq..

428 2890 512 2952 quae
540 2890 560 2933 a
586 2870 813 2935 Thacomesto
844 2871 1009 2953 originem
1043 2871 1181 2935 duxisse
1214 2870 1303 2934 infra
1330 2869 1508 2952 probabile
1536 2869 1605 2937 fiel.

427 2974 538 3038 verbis
563 2975 648 3052 „hoe
671 2973 745 3037 loco
769 2994 838 3038 non
862 2974 1111 3057 supersederim
1134 2975 1266 3038 dicere“
1290 2972 1333 3039 ad
1351 2974 1455 3038 alium
1471 2973 1606 3037 fontem

427 3079 590 3143 transitus
613 3077 684 3141 lieri
706 3078 858 3143 videatur
867 3081 899 3161 ¹),
921 3078 1121 3160 particulam
1145 3079 1235 3142 illam
1259 3099 1278 3142 a
1300 3076 1381 3141 luha
1409 3096 1487 3141 esse
1512 3076 1607 3141 deri-

427 3186 539 3245 vatam
563 3202 582 3245 a
604 3201 683 3245 vero
707 3181 798 3246 haud
815 3181 985 3247 abhorret.
1020 3181 1121 3246 Certa
1135 3181 1303 3246 sermonis
1320 3180 1604 3245 Thacomestiani

427 3284 568 3365 vestigia
591 3285 626 3348 iu
650 3284 757 3365 capite
780 3306 811 3366 p.
835 3284 887 3360 58,
910 3284 1038 3363 5-60,
1062 3284 1103 3347 95
1132 3287 1272 3365 excepta
1299 3283 1465 3365 particula
1492 3302 1526 3365 p.
1551 3284 1607 3352 58

359 3380 360 3385 ’
427 3389 564 3466 afr-59,
581 3389 600 3451 5
617 3408 783 3471 nusquam
800 3387 1027 3452 inveniuntur.
1072 3387 1186 3470 Neque
1210 3388 1300 3451 enim
1315 3373 1441 3452 ¹vereor
1463 3405 1508 3450 ne
1526 3387 1607 3469 quis

353 3479 354 3482 ¹
426 3491 560 3557 unicam
593 3492 798 3557 locutionem
832 3510 990 3570 „sensum
1025 3490 1141 3554 linire“
1176 3511 1206 3572 p.
1235 3491 1287 3570 58,
1319 3491 1357 3554 17
1387 3490 1470 3554 certi
1505 3490 1608 3555 testi·

427 3595 532 3659 monii
555 3596 629 3659 loeo
654 3596 786 3661 habeat.
832 3596 900 3661 Sed
923 3595 1076 3677 exempla
1097 3615 1118 3658 a
1140 3594 1239 3658 Vario
1264 3599 1297 3660 at
1318 3594 1470 3659 Varrone
1494 3596 1608 3676 petita

427 3698 471 3779 (p.
506 3699 562 3777 60,
599 3700 638 3763 14
671 3699 758 3782 sqq.)
802 3699 908 3781 magis
946 3699 1174 3763 Thacomesto
1213 3718 1312 3781 quarn
1349 3698 1449 3763 lubae
1488 3698 1609 3763 lavere

401 3842 402 3845 =
427 3802 594 3867 Schultzio
619 3802 663 3883 (p.
678 3802 734 3885 46)
759 3803 1014 3867 concedendum
1038 3822 1113 3868 esse
1136 3801 1290 3866 arbitror.
1335 3800 1461 3878 Iubam,
1485 3801 1609 3866 Helio·

427 3904 499 3968 dori
531 3909 749 3984 sectatorem,
777 3906 878 3971 triadi
907 3906 1067 3987 epodicae
1101 3924 1226 3970 nomen
1259 3904 1390 3989 periodi
1427 3904 1609 3983 tribuisse,
1690 3979 1691 3982 Ἴ

427 4027 502 4073 curn
524 4010 575 4073 vel
603 4030 663 4090 per
691 4031 727 4074 se
756 4010 826 4073 veri
857 4010 901 4073 sit
930 4010 1093 4075 dissimile
1122 4009 1224 4074 etiam
1252 4007 1359 4090 magis
1388 4008 1610 4090 improbatur
1690 4003 1691 4018 ³

426 4132 466 4176 ea
487 4113 617 4193 periodi
641 4112 846 4190 delinitione,
871 4132 970 4195 quarn
997 4133 1017 4176 a
1039 4113 1120 4176 luha
1148 4113 1381 4194 depromptam
1404 4111 1611 4177 Victorinus
1690 4157 1691 4206 l

426 4216 523 4281 affert
544 4236 576 4299 p.
600 4216 650 4295 55,
675 4216 772 4280 7-9:
797 4216 960 4301 ,περίοδος
983 4216 1105 4280 dicitur
1133 4234 1253 4281 omne·
1263 4216 1449 4280 hexametri
1481 4236 1610 4282 versus
1690 4231 1691 4304 ff

426 4464 453 4512 el
472 4459 643 4528 antistrophe
662 4464 689 4513 el
708 4462 798 4529 epodo
819 4502 866 4516 ...
885 4460 1068 4525 subsistunt‘·;
1087 4478 1113 4529 p.
1131 4461 1174 4524 59,
1193 4462 1209 4513 6
1228 4460 1316 4526 „inter
1334 4460 1405 4515 haec
1429 4464 1496 4515 sunt
1513 4477 1610 4529 quae·
1690 4477 1691 4506 1

425 4547 490 4599 darn
509 4549 630 4601 carmina
650 4564 721 4617 quae
740 4550 942 4617 monostropha
959 4548 1161 4616 5555115555.ιι

516 4650 534 4721 ¹)
554 4654 586 4705 51.
607 4652 718 4705 Schultz
738 4670 763 4720 p.
782 4653 823 4705 31.
