3459 5200
959 469 1004 534 24

369 663 427 748 Ep.
451 667 502 730 99.
527 666 584 729 al:
619 663 775 729 Oblivisci
808 663 937 748 quidem
971 685 1099 730 suorum
1131 685 1171 731 ao
1202 664 1388 731 memoriam
1422 685 1495 730 eum
1527 684 1596 730 cor·

369 771 500 856 poribus
525 772 639 838 efferre
659 779 691 837 et
710 772 1000 855 effusissimeflere,
1020 778 1193 839 meminisse
1211 772 1410 858 parcissime,
1431 772 1595 837 inhumani

370 876 469 942 animi
493 885 551 944 est.
641 879 702 945 boc
730 879 921 964 prudentem
951 881 1053 946 virum
1086 901 1149 945 non
1183 879 1292 946 decet:
1320 883 1496 946 meminisse
1523 900 1593 965 per-

370 991 505 1065 severet,
531 989 631 1069 lupera
654 985 790 1052 desinat.
814 987 873 1072 Ep.
896 990 950 1053 99.
967 991 1002 1055 2:
1026 987 1068 1073 hi,
1091 989 1145 1072 qui
1170 988 1232 1054 sibi
1256 991 1357 1070 lupera
1381 994 1595 1072 sumpserunt,

370 1093 516 1177 protinus
551 1094 750 1176 castigentur
783 1102 815 1159 et
847 1093 977 1160 discant
1004 1093 1163 1178 quasdam
1193 1096 1291 1161 etiam
1320 1098 1520 1160 lacrimarum
1548 1093 1594 1158 iu-

371 1198 477 1284 eptias
501 1219 584 1266 esse.
608 1199 649 1264 ad
675 1200 772 1269 Mare.
798 1199 839 1267 de
863 1202 985 1270 consol.
1009 1201 1107 1285 11123
1134 1202 1192 1286 Ep.
1216 1205 1269 1269 99.
1289 1203 1346 1277 23;
1371 1199 1414 1265 ad
1438 1201 1529 1267 Helv.
1554 1201 1596 1268 de

370 1307 490 1374 consol.
514 1307 591 1372 XVI
608 1311 635 1374 1.

459 1541 497 1608 T.
522 1540 606 1608 Hist.
630 1539 690 1608 13.
719 1544 751 1606 l:
776 1541 847 1608 Non
872 1545 981 1606 tamen
1004 1540 1088 1606 adeo
1111 1539 1264 1606 virtutum
1287 1539 1397 1607 sterile
1421 1541 1594 1625 saeculum,

280 1735 283 1739 Ι
369 1653 405 1712 ut
427 1668 490 1712 non
515 1654 547 1713 et
569 1647 655 1712 bona
679 1648 827 1732 exempla
851 1646 1040 1733 prodiderit.

460 1773 492 1838 S.
523 1773 564 1839 de
592 1779 695 1856 tranq.
725 1794 755 1840 a.
785 1773 880 1840 thl:
908 1794 1080 1856 numquam
1108 1772 1193 1838 enim
1220 1793 1323 1857 usque
1351 1793 1389 1839 eu
1417 1772 1595 1839 interclusa

370 1887 445 1945 sunt
468 1880 584 1965 omnia,
608 1887 643 1945 ut
666 1879 746 1945 nulli
770 1881 892 1946 actioni
914 1879 1006 1948 locus
1029 1880 1184 1946 honestae
1209 1881 1259 1946 sit.

459 2131 490 2195 S.
516 2129 557 2196 de
571 2130 620 2195 ira
635 2129 682 2195 ΙΙΙ
697 2132 750 2198 39.
770 2132 869 2198 1-3:
893 2130 1077 2215 Videamus,
1091 2129 1251 2213 quomodo
1266 2129 1407 2196 alienam
1421 2130 1503 2196 iram
1516 2131 1593 2197 leni·

369 2257 471 2306 amris.
567 2238 708 2304 Primam
730 2237 812 2302 iram
836 2258 899 2302 non
922 2237 1113 2305 audebimus
1141 2239 1285 2304 oratione
1312 2238 1467 2304 mulcere:
1496 2237 1595 2304 surda

370 2352 420 2414 est
449 2353 482 2411 et
509 2365 635 2428 amens3
667 2343 815 2410 dabimus
845 2344 893 2408 illi
921 2345 1071 2430 spatium.
1115 2344 1260 2411 remedia
1289 2345 1321 2409 in
1349 2345 1593 2412 remissionibus

368 2459 515 2538 prosuut3
539 2473 599 2518 nee
623 2451 734 2518 oeulos
758 2451 910 2518 lumentis
933 2459 1128 2537 temptamus
1156 2453 1221 2518 vim
1249 2453 1408 2536 rigentem
1435 2452 1592 2520 movendo

368 2560 539 2646 incitatum,
563 2579 622 2625 nec
646 2565 754 2626 cetera
777 2558 868 2644 vitia,
898 2558 972 2625 dum
1002 2560 1142 2627 fervent:
1170 2560 1265 2626 initia
1292 2560 1473 2627 morborum
1502 2560 1593 2645 quies

370 2675 469 2735 curat.
526 2666 771 2752 „Quantulum“‚
804 2667 919 2752 inquis,
950 2667 1104 2753 „prodest
1134 2667 1309 2734 remedium
1342 2675 1440 2753 tuum,
1473 2669 1501 2734 si
1534 2689 1594 2736 sua

370 2782 485 2861 sponte
522 2774 723 2841 desinentem
760 2774 842 2839 iram
878 2776 1025 2859 placat!“
1059 2775 1213 2862 Primum,
1252 2782 1288 2839 ut
1324 2774 1419 2841 citius
1456 2775 1592 2859 desinat,

369 2882 483 2965 ellicit3
521 2880 640 2947 deinde
677 2880 826 2966 custodit,
863 2902 904 2947 ne
940 2882 1099 2965 reccidat3
1131 2881 1236 2967 ipsum
1268 2902 1397 2966 quoque
1429 2882 1591 2967 impetum,

264 2986 267 2991 “
369 3010 465 3073 quem
488 3008 551 3053 non
579 2988 678 3055 audet
705 2988 815 3068 lenire,
837 2992 945 3074 saliet:
972 2990 1151 3056 removebit
1178 2989 1287 3055 omnia
1313 2989 1445 3055 ultionis
1474 2990 1592 3055 instru-

368 3103 486 3181 menta,
509 3098 665 3163 simulabit
686 3100 777 3179 iram,
802 3104 837 3163 ut
860 3104 1027 3181 tamquam
1049 3097 1179 3162 adiutor
1202 3105 1235 3163 et
1257 3097 1378 3163 doloris
1401 3120 1503 3163 carries
1519 3099 1591 3182 piru

368 3208 558 3270 auctoritatis
594 3209 628 3269 in
664 3208 797 3270 consiliis
829 3208 945 3287 babeat,
984 3226 1093 3271 moras
1124 3212 1231 3271 nectet
1262 3211 1303 3290 et,
1336 3204 1412 3270 dum
1445 3209 1591 3272 maiorem

362 3334 498 3396 paenam
522 3311 656 3396 quaerit,
672 3320 870 3396 praesentem
894 3311 1032 3378 differet.

457 3438 495 3501 Τ.
524 3437 607 3502 Hist.
633 3438 714 3504 145.
738 3440 774 3504 5:
802 3457 862 3503 neo
891 3438 1129 3522 aspernabatur
1156 3437 1302 3521 singulos
1331 3435 1425 3516 Otho,
1461 3434 1592 3502 avidum

369 3550 402 3609 et
425 3543 582 3610 minacem
605 3545 740 3611 militum
764 3544 906 3610 animum
929 3565 1010 3610 voce
1032 3543 1184 3627 voltuque
1215 3552 1408 3629 temperans.
1443 3544 1592 3609 Marium

370 3651 508 3730 Celsum,
533 3651 698 3718 consulem
722 3652 926 3735 designatum
950 3658 983 3717 et
1006 3651 1132 3717 Galbae
1163 3672 1264 3735 usque
1291 3652 1324 3716 in
1352 3658 1513 3717 extremas
1540 3670 1592 3716 res

369 3758 507 3823 amioum
530 3759 700 3845 fidumque,
731 3759 774 3823 ad
803 3758 997 3844 supplicium
1026 3759 1285 3843 expostulabant,
1314 3758 1495 3825 industriae
1522 3758 1592 3823 eius

368 3865 636 3949 innocentiaeque
660 3866 753 3949 quasi
777 3866 872 3931 malis
895 3866 1019 3931 artibus
1042 3866 1168 3933 infensi.
1198 3864 1309 3931 caedis
1338 3874 1370 3932 et
1398 3864 1592 3951 praedarum

369 3974 493 4039 initium
513 3980 544 4038 et
561 3974 681 4059 optimo
702 3974 818 4056 cuique
840 3973 1017 4058 perniciem
1040 3972 1152 4056 quaeri
1176 3954 1365 4058 apparebat,
1389 3972 1448 4040 sed
1472 3972 1592 4038 Othoni

367 4080 507 4146 nondum
545 4083 712 4145 auctoritas
749 4080 853 4145 iuerat
884 4079 928 4145 ad
960 4078 1195 4165 prohibendum
1226 4080 1349 4147 scelus:
1381 4078 1493 4146 iubere
1526 4078 1590 4144 iam

367 4196 504 4274 poterat.
527 4188 573 4252 ita
595 4190 787 4253 maculatione
809 4192 876 4253 irae
897 4188 1013 4252 vinciri
1035 4186 1159 4254 iussum
1182 4195 1215 4253 et
1237 4192 1371 4254 maiores
1388 4210 1508 4273 poenas
1535 4186 1589 4251 da·

367 4306 471 4361 turum
495 4294 670 4359 adfirmans
688 4299 846 4379 praesenti
869 4295 968 4361 exitio
992 4296 1160 4362 subtraxit

457 4422 494 4485 T.
518 4419 601 4485 Hist.
625 4419 725 4486 1118.
750 4421 787 4487 5:
813 4419 873 4485 sed
896 4420 1070 4487 indomitus
1094 4422 1186 4487 miles
1210 4428 1243 4487 et
1265 4420 1343 4487 belli
1367 4422 1500 4505 ignarus
1523 4440 1589 4486 cor·

368 4526 468 4613 raptis
498 4526 600 4611 siguis
628 4526 821 4610 vexillisque
854 4548 947 4593 ruere
976 4534 1008 4595 et
1033 4528 1184 4595 retinenti
1213 4528 1289 4595 darei
1321 4528 1387 4594 tela
1419 4529 1589 4603 intentare,

369 4634 488 4719 spretis
512 4634 752 4701 centurionibus
776 4634 991 4718 tribunisque:
1007 4636 1084 4719 quin
1106 4635 1200 4721 prodi
1215 4634 1373 4701 Othonem
1398 4642 1430 4702 et
1451 4635 1590 4701 accitum

369 4740 542 4808 Caecinam
581 4742 799 4809 clamitabant.
838 4742 875 4807 fit
906 4742 1096 4808 temeritatis
1128 4744 1256 4809 alienae
1288 4766 1387 4809 comes
1419 4743 1589 4829 Spurinna,
