3459 5200
949 292 970 353 8

857 380 1059 387 —-——

348 504 380 563 et
407 500 539 565 virtutis
574 506 607 565 et
635 499 707 565 vitii
742 499 895 582 exempla
928 499 1021 563 nullo
1055 499 1190 591 negotio
1220 500 1441 583 reperiuntur.
1485 502 1567 566 Livii

347 616 459 677 autem
487 612 650 679 historiae
679 611 874 696 similesque
907 610 985 677 libri
1014 630 1091 677 raro
1125 611 1161 676 in
1188 632 1309 677 manus
1339 614 1569 693 sumebantur,

347 724 469 808 quippe
498 724 554 807 qui
583 724 693 790 minus
727 730 842 790 essent
870 723 1001 789 habiles
1024 743 1087 789 nec
1109 723 1208 789 facile
1230 744 1271 789 ea
1293 725 1485 791 oratoribus
1507 727 1569 791 mi-

348 836 532 901 nistrarent
555 856 640 920 quae
668 835 885 920 quaerebant.
931 835 995 913 Qui
1021 836 1058 901 fit
1086 840 1125 902 ut
1151 836 1248 919 pauci
1277 841 1406 903 restent
1433 836 1500 903 loci
1526 838 1571 903 ad

347 946 525 1015 historiam
542 952 744 1033 spectantes,
768 948 824 1031 qui
845 966 916 1013 non
932 969 973 1014 ex
989 953 1081 1014 certo
1097 950 1242 1033 quodam
1258 952 1395 1015 auctore
1410 949 1572 1033 exscripti

349 1060 427 1127 sint.
472 1060 555 1126 Eam
578 1060 678 1144 igitur
701 1060 869 1126 rationem
890 1061 1073 1127 tenendam
1096 1080 1171 1127 esse
1194 1054 1404 1141 existumavi,
1425 1067 1464 1127 ut
1485 1062 1571 1127 locis

349 1172 617 1256 Symmachianis
653 1174 837 1239 secundum
864 1179 1055 1256 temporum
1084 1178 1245 1257 quantum
1267 1175 1338 1239 fieri
1359 1180 1494 1258 poterat
1515 1195 1572 1240 or·

352 1285 465 1350 dinem
488 1285 626 1367 digestis
652 1306 726 1351 carn
749 1286 1044 1351 commentationis
1066 1289 1198 1369 partem
1221 1285 1417 1368 indicarem,
1441 1287 1572 1373 quade

349 1398 557 1480 singulorum
581 1398 784 1482 scriptorum
805 1399 952 1465 lectione
975 1402 1110 1465 acturus
1133 1419 1218 1463 sum.

350 1537 392 1601 IV
414 1536 504 1615 332:
533 1554 601 1601 nort
622 1534 709 1601 uides
730 1534 858 1603 auara
879 1534 952 1601 aliar
974 1535 1077 1601 locata
1096 1534 1209 1601 aluisse
1222 1555 1281 1601 nec
1300 1534 1381 1602 udas
1394 1537 1433 1603 in
1455 1542 1574 1604 antro

415 1646 588 1714 Cumano
622 1647 744 1714 litteras
771 1647 831 1733 lapi
858 1668 918 1713 nec
944 1646 1111 1713 Dadanam
1137 1646 1222 1729 laqrai
1247 1647 1416 1731 frondibus
1446 1670 1504 1715 nac
1535 1650 1575 1715 de

412 1758 583 1843 spiraculis
604 1759 765 1844 Delphicis
797 1760 899 1827 alliam
931 1781 1061 1826 carmen
1086 1758 1222 1826 audin?
1258 1766 1370 1845 patere
1401 1761 1505 1847 ipitiir
1535 1767 1575 1828 at

369 1896 371 1901 ·
413 1870 569 1937 konradus
591 1870 771 1937 Proraatlcei
793 1892 895 1939 nunu
915 1872 1009 1953 atta
1029 1872 1185 1939 mandare
1206 1893 1316 1938 cassem
1331 1893 1466 1961 papyro,
1493 1894 1575 1958 qaae

413 1984 536 2051 dardana
557 1982 596 2051 in
617 1989 727 2051 natarat
747 1983 834 2068 soliis
855 2005 924 2052 nan
946 1984 1106 2072 loquutur.

434 2122 674 2190 Prometheum
703 2124 824 2191 Ovidio
860 2125 952 2207 (met.
975 2125 1052 2190 178
1076 2145 1149 2208 sqq.
1178 2125 1219 2189 cf.
1241 2126 1260 2208 ἕ
1283 2128 1302 2191 5
1327 2128 1407 2191 sect.
1430 2125 1484 2209 X),
1519 2126 1573 2191 Si·

349 2238 472 2321 hyllum
506 2238 690 2304 Cumanam
718 2236 864 2319 Vergilio
899 2238 951 2319 (A.
980 2236 1021 2302 Vl
1049 2238 1069 2301 9
1098 2256 1170 2320 sqq.
1205 2237 1247 2301 cf.
1274 2238 1293 2320 ἓ
1327 2239 1347 2302 5
1381 2242 1462 2303 sect
1491 2238 1573 2322 Vlll)

350 2354 522 2434 acceptam
551 2345 677 2417 reterre
705 2350 851 2433 videtum
885 2350 975 2415 unde
1005 2354 1116 2415 cetera
1144 2349 1295 2415 hauserit
1322 2350 1357 2414 in
1385 2349 1498 2414 medio
1520 2370 1574 2415 re·

350 2464 476 2548 linquo
514 2462 627 2547 Neque
651 2462 740 2529 enim
764 2460 879 2528 omnia
901 2482 942 2526 ex
965 2463 1065 2527 certis
1081 2462 1274 2527 auctoribus
1298 2463 1403 2545 repeti
1418 2466 1574 2545 possunt,

291 2580 296 2592 '
352 2576 512 2662 quoniam
534 2577 628 2660 pueri
652 2577 686 2642 in
711 2576 798 2641 ludis
822 2574 1001 2641 rhetoricis
1025 2576 1126 2640 etiam
1149 2574 1354 2658 mythologia
1377 2577 1411 2640 et
1431 2574 1574 2640 historia

350 2689 492 2756 instituti
516 2709 591 2755 esse
615 2693 648 2753 et
670 2689 774 2754 multa
797 2709 837 2754 ex
855 2686 1107 2754 commentariis
1124 2687 1283 2754 didicisse
1300 2687 1460 2753 censendi
1483 2691 1571 2767 sunt,

351 2822 436 2886 quos
459 2803 565 2867 lectos
589 2821 665 2866 esse
687 2800 911 2885 Hieronymus
935 2801 1017 2866 dicit
1041 2801 1115 2866 adv.
1137 2800 1215 2865 Rus.
1237 2801 1251 2865 l
1276 2800 1325 2864 16.

352 2942 410 3007 rel.
434 2942 522 3022 3,16:
555 2937 748 3005 siluestribus
774 2937 913 3005 arbustis
940 2937 1008 3004 vita
1029 2937 1223 3022 producitur
1243 2941 1274 3002 ct
1294 2959 1412 3019 rursus
1432 2937 1475 3005 dd
1495 2937 1572 3004 Do-

415 3053 582 3118 donaeas
602 3052 727 3120 arbores
745 3051 843 3136 plebis
863 3051 1001 3118 nuttam
1022 3049 1133 3134 inopia
1154 3048 1336 3116 manauit.

437 3183 484 3249 Cf.
509 3184 604 3266 Verg.
628 3183 666 3248 G.
688 3184 701 3248 Ι
726 3183 785 3248 147
810 3203 882 3266 sqq.
906 3182 962 3264 (cl.
984 3183 1003 3266 ᾖ
1025 3184 1045 3248 5
1069 3185 1150 3248 sect.
1173 3181 1264 3265 vul).

352 3323 395 3388 IV
418 3321 507 3400 aad:
543 3317 665 3386 mallem
690 3319 943 3406 Abaripinnrn
969 3341 1054 3386 ruore
1086 3318 1254 3385 dictinum
1286 3318 1399 3385 saltatis
1430 3318 1574 3386 alternae

415 3431 500 3519 lipno
521 3437 580 3498 aut
601 3431 766 3498 corticibus
787 3431 936 3513 scribam·
959 3431 1121 3518 Aeqyptas
1136 3431 1257 3516 papyri
1276 3431 1439 3498 volumina
1460 3431 1573 3517 bullio

292 3595 295 3603 .
417 3543 513 3610 thecis
533 3544 662 3628 foroque
684 3545 828 3611 terruerit.
1336 3526 1347 3556 ‘

438 3676 486 3743 cf.
510 3676 595 3742 Plin.
619 3677 651 3740 h.
675 3697 708 3741 n.
731 3677 802 3742 Xlll
824 3677 866 3741 68
889 3676 921 3760 (ἕ
943 3678 963 3742 5
987 3680 1067 3742 sect.
1090 3675 1189 3761 XXI).

353 3837 401 3882 or.
424 3817 451 3882 Π
472 3816 533 3894 aa,
569 3813 714 3898 prodidit
735 3818 823 3879 actas
849 3813 958 3896 {ahala
982 3812 1209 3900 pipantcaar
1235 3834 1390 3880 manicat
1415 3814 1575 3897 quandam

415 3932 585 3994 mutunus
601 3931 706 3993 turres
721 3925 867 3991 intulisse
881 3924 1045 3992 siclericus.
1080 3925 1157 3992 talia
1170 3926 1251 4009 forte
1273 3927 1452 4011 campana·
1472 3947 1574 4010 neque

417 4039 502 4106 enim
534 4039 711 4124 terripeuas
743 4038 813 4103 licet
840 4037 970 4104 iraaeues
995 4037 1108 4103 Pelian
1133 4039 1236 4121 adquiri
1260 4040 1364 4125 Ossan
1396 4039 1573 4107 cmueause

417 4151 560 4220 credibile
582 4157 636 4218 est.

439 4285 487 4350 Cf.
511 4285 606 4365 Verg.
630 4283 666 4348 G.
691 4283 704 4346 l
727 4283 789 4346 578
814 4303 886 4365 sqq.
910 4282 941 4364 (ὃ
963 4283 983 4346 5
1007 4285 1088 4346 sect.
1112 4281 1202 4364 Vlll).

354 4427 411 4490 rel.
434 4425 502 4504 43:
535 4420 615 4486 alsit
636 4424 674 4485 ut
694 4421 871 4485 auderator
891 4417 980 4484 tarbis
1001 4417 1115 4483 literae
1135 4418 1237 4500 atquae
1259 4417 1326 4483 ideo
1348 4419 1473 4486 ductae
1497 4425 1573 4488 tara·

417 4555 512 4618 aaran
536 4531 761 4599 Salmoneus
783 4531 880 4596 Elius
901 4530 1082 4597 incedatur.

443 4665 491 4730 cf.
515 4666 610 4748 Verg.
634 4665 672 4730 A.
696 4665 736 4729 Vl
760 4665 822 4730 585
847 4685 918 4748 sqq.
943 4664 974 4749 (ξ
997 4667 1016 4730 5
1041 4669 1122 4729 sect.
1144 4664 1235 4747 Vlll).
