3459 5200
1011 528 1055 590 44

928 617 1003 626 ..ι-,κω
1008 616 1130 623 ...ο-..-

449 739 639 804 montariil
667 737 756 801 exitu
786 736 948 801 remansit
976 755 1044 798 non
1069 734 1178 798 solum
1201 735 1412 798 enuntiatum
1435 735 1595 815 integmm,

451 843 510 907 sed
533 842 614 906 illud
637 841 746 922 ipsum
776 840 986 904 enuntiatum
1020 838 1138 921 capitis
1172 837 1312 902 alicuius
1347 843 1399 902 est
1433 836 1596 911 conclusio,

452 950 552 1028 caput
574 938 683 1026 ip'sum
705 944 836 1025 amplae
861 941 1084 1007 enarrationis
1107 977 1150 988 -
1171 961 1294 1023 nempe
1317 942 1501 1006 carminum
1527 937 1597 1002 κατὰ

450 1048 555 1135 σχέσιν
584 1047 822 1129 descriptionis
849 1049 971 1110 —est
999 1048 1196 1109 extremum.
1242 1045 1329 1126 Ergo
1358 1045 1399 1110 de
1424 1064 1504 1108 casu
1523 1043 1598 1123 cogi·

450 1155 522 1218 tare
545 1152 614 1216 fere
641 1150 823 1214 absurdum
848 1153 909 1228 est,
938 1152 972 1212 et
999 1168 1041 1211 ne
1063 1149 1201 1212 alterius
1224 1148 1359 1231 quidem
1382 1146 1599 1212 commentarii

448 1253 650 1339 principium
685 1272 765 1318 casu
799 1273 874 1316 esse
908 1252 1141 1315 detruncatum
1174 1251 1263 1316 infra
1295 1251 1599 1316 demonstrabimus.

450 1361 577 1424 Contra
609 1357 664 1438 qui
694 1355 1006 1420 commentarium]
1036 1355 1248 1437 conscripsit,
1277 1374 1353 1419 cum
1381 1375 1422 1418 ex
1452 1355 1600 1437 ampliore

449 1463 506 1528 illa
527 1459 741 1526 enarratione
764 1460 805 1522 ab
828 1457 1081 1540 Hephaestione
1104 1457 1299 1541 appendicis
1328 1459 1403 1522 loco
1427 1457 1599 1522 enchiridio
1682 1458 1683 1505 ἲ

451 1565 636 1640 subiuncta,
671 1563 711 1626 de
745 1583 810 1645 qua
844 1562 913 1626 dixi
936 1583 967 1644 p.
990 1564 1034 1626 20
1056 1583 1139 1645 sqq,
1169 1582 1218 1640 ea,
1239 1581 1332 1645 ·quae
1359 1561 1555 1643 gravissima
1574 1564 1600 1622 et

423 1668 615 1732 tironibus
638 1665 782 1730 maxime
806 1665 1059 1730 accommodata
1083 1685 1158 1729 esse
1179 1665 1389 1742 videbantur,
1423 1667 1604 1747 excerperet
1682 1734 1683 1737 Ἴ

449 1775 483 1836 et
506 1769 601 1854 quasi
628 1768 781 1833 ultimum
809 1773 909 1850 caput
934 1767 1121 1833 enchiridio
1147 1767 1353 1850 adiungeret,
1375 1768 1503 1850 optime
1516 1768 1604 1831 finem
1682 1770 1683 1793 ¹

451 1875 538 1952 lecit,
571 1877 750 1955 postquam
785 1873 971 1936 carminum
1008 1867 1090 1934 κατὰ
1113 1869 1221 1956 oglon
1254 1873 1385 1954 species
1414 1891 1534 1935 omnes
1554 1869 1604 1933 ab
1682 1916 1683 1955 3

451 1977 558 2042 solvit.
605 1977 725 2040 Cetera
746 1981 783 2039 ut
805 1979 861 2040 aut
885 1975 985 2039 nimis
1009 1974 1170 2056 impedita
1192 1980 1249 2040 aut
1271 1994 1390 2058 parum
1412 1975 1545 2050 usitata,
1566 1991 1602 2035 ne

450 2081 590 2147 nimium
613 2079 785 2161 discipulis
809 2099 893 2143 onus
915 2079 1114 2160 imponeret,
1137 2078 1261 2143 omisit.
1306 2077 1395 2155 Quin
1418 2078 1521 2143 etiam
1543 2077 1605 2158 ipse

449 2185 547 2249 huius
572 2184 619 2249 rei
641 2184 738 2247 testis
762 2187 823 2247 est.
867 2183 952 2247 Nam
974 2183 1076 2247 verba
1098 2203 1130 2265 p.
1153 2184 1181 2247 V
1205 2186 1240 2247 ll
1266 2179 1358 2246 nullm
1372 2183 1408 2245 δὲ
1423 2183 1543 2245 ἕκαστα
1556 2179 1608 2243 τῶν

448 2285 679 2370 προειρημένων
711 2283 949 2369 ὑποδιαιρετὲον,
984 2305 1069 2368 quae
1103 2305 1221 2370 parum
1255 2290 1345 2350 recte
1379 2285 1547 2361 HensiuS,
1578 2287 1607 2346 ul
1682 2366 1683 2373 ρ

450 2390 660 2454 coniecturae
677 2391 718 2453 ub
736 2390 808 2472 ipso
825 2391 1033 2471 excogitatae
1056 2388 1239 2472 adaptaret,
1264 2391 1299 2452 in
1313 2384 1405 2452 ποίλιν
1428 2389 1462 2451 δὲ
1485 2389 1610 2452 ἕκαστον

450 2493 532 2576 <cuir
559 2495 649 2576 τριῶν
671 2489 821 2575 πρώτων)
854 2492 915 2555 τῶν
947 2491 1178 2577 προειρημένων
1210 2489 1439 2575 ὑποδιαιρετὲον
1472 2492 1610 2566 deflexit,

450 2619 519 2663 non
550 2596 751 2679 scripsisset,
788 2598 816 2660 si
845 2598 933 2661 ultra
962 2596 1113 2660 carmina
1139 2593 1224 2660 κατὰ
1246 2593 1352 2680 σχέσιν
1374 2598 1559 2678 procedere
1581 2595 1609 2657 in

450 2701 563 2765 animo
593 2700 776 2765 habuisset.
821 2701 935 2782 Neque
964 2700 1054 2765 enim
1083 2698 1212 2785 μετρικὰ
1241 2698 1365 2763 ἄτακτα
1393 2720 1503 2783 neque
1526 2694 1613 2783 μικτὰ

451 2800 666 2888 nuncuparunt
694 2824 802 2886 neque
830 2800 920 2866 κοινοὶ
954 2799 1170 2887 συστηματικοί
1199 2804 1234 2867 in
1262 2804 1556 2868 commentarioli
1583 2802 1612 2864 in

452 2908 580 2990 species
610 2908 804 2988 digeruntur
832 2927 940 2989 neque
964 2908 1102 2971 omnino
1125 2907 1231 2988 digeri
1252 2911 1405 2989 possunt.
1450 2907 1520 2971 Sed
1544 2926 1613 2969 cum

450 3016 569 3094 postea
603 3012 739 3093 reliquis
779 3011 957 3093 generibus
985 3009 1147 3091 neglectis
1175 3010 1258 3074 illud
1278 3030 1382 3073 unum
1410 3009 1524 3073 verbis
1548 3028 1613 3073 am·

450 3116 607 3197 plexurus
632 3118 731 3192 esset,
756 3114 845 3196 quod
866 3115 1083 3196 praecipuum
1107 3118 1195 3190 erat,
1223 3112 1451 3194 indiligentius
1479 3113 1515 3176 in
1544 3113 1615 3177 uui·

449 3238 583 3281 vorsum
606 3218 738 3281 illorum
762 3236 921 3299 generum
945 3217 1075 3299 singula
1104 3236 1219 3281 rursus
1249 3217 1282 3279 in
1307 3217 1437 3298 species
1460 3215 1616 3281 distribui
1682 3215 1683 3238 ²

449 3342 551 3404 posse
575 3321 669 3385 dixit.

536 3424 700 3487 Universa
723 3422 956 3487 commentarii
978 3424 991 3487 l
1014 3422 1144 3487 indoles
1168 3422 1357 3489 doctrinam
1377 3424 1501 3487 bonam
1526 3427 1617 3487 aela-
1682 3491 1683 3494 ,

448 3532 582 3610 temque
612 3526 700 3590 haud
730 3527 829 3590 nimis
859 3529 1027 3591 recentem
1056 3526 1152 3608 sapit.
1198 3526 1280 3590 Eam
1310 3545 1395 3607 quae
1429 3526 1464 3589 in
1487 3527 1616 3591 nostris

450 3630 621 3695 codicibus
637 3629 758 3711 legitur
773 3629 951 3694 enchiridii
968 3630 1202 3694 recensionem
1226 3627 1394 3693 diversam
1409 3647 1485 3693 esse
1505 3630 1552 3693 ab
1569 3650 1617 3701 ea,
1682 3625 1683 3706 ζ

451 3754 516 3817 qua
530 3734 686 3798 utebatur
703 3733 977 3811 Choeroboscus,
1001 3752 1085 3815 quae
1101 3732 1168 3797 iam
1191 3733 1265 3814 ipsa
1281 3731 1412 3797 mendis
1429 3731 1618 3808 laborabat,

451 3836 568 3915 quibus
588 3837 695 3900 nostri
715 3835 847 3901 codices
868 3839 993 3913 carent,
1016 3836 1260 3899 demonstravit
1276 3835 1465 3917 Voltzius.¹)
1501 3836 1619 3918 ltaque
1682 3905 1683 3924 ,

452 3940 611 4023 quoniam
634 3941 832 4021 Longinum,
854 3939 1036 4004 Aristidem
1060 3938 1314 4017 Quintilianum,
1335 3938 1472 4003 Atilium
1498 3940 1620 4003 Fortu-

450 4043 633 4120 natianum,
662 4043 801 4108 Marium
825 4042 1033 4108 Victorinum
1056 4041 1244 4107 doctrinam
1267 4043 1338 4125 περὶ
1358 4038 1532 4127 ποιήματος
1555 4064 1619 4125 pro
1682 4103 1683 4122 ,

449 4145 640 4210 necessaria
662 4145 744 4211 artis
767 4146 926 4210 metricae
948 4149 1044 4228 parte
1059 4146 1219 4209 habuisse
1242 4164 1344 4227 supra
1367 4144 1513 4223 ostendi,
1537 4165 1616 4210 cum

537 4404 557 4471 ¹)
588 4404 628 4455 De
658 4402 738 4455 Helie
767 4403 916 4465 Monacho,
943 4403 1040 4455 lsaaco
1067 4403 1216 4465 ltonacho,
1245 4402 1432 4456 Ps.·Dracouc
1461 4401 1621 4472 [Argentor.

448 4578 581 4632 memoria
600 4577 655 4631 alio
673 4577 735 4631 loco
755 4594 844 4646 agam.

1682 4347 1683 4408 l

450 4491 526 4560 1886)
545 4509 570 4560 p.
592 4492 631 4543 16.
662 4490 822 4544 Accuratius
842 4491 877 4544 de
896 4490 1041 4545 enchiridii
1058 4490 1277 4559 Hephaestionei
1296 4489 1370 4559 apud
1388 4490 1620 4545 Choeroboscum
1682 4513 1683 4516 ¹
