3459 5200
990 535 1033 598 54

429 767 569 830 cumque
604 747 733 811 notatio
761 746 796 810 in
826 763 965 809 censum
992 742 1106 808 venire
1138 747 1268 825 potest,
1302 741 1416 808 docuit
1444 741 1597 824 scriptor,

429 871 494 934 quo
522 855 620 932 pacto
650 849 705 913 hic
739 851 780 914 de
815 847 1058 912 consuetudine
1088 846 1201 930 aliqua
1232 845 1432 929 loquiturl¹l
1485 845 1598 928 Pergit

430 954 575 1036 scriptor
597 953 660 1018 sic:
683 949 700 1016 ὃ
721 953 776 1015 καὶ
797 949 916 1036 μᾶλλον
938 951 987 1015 ἐπὶ
1002 950 1062 1014 τῶν
1076 949 1259 1036 ποιημάτων
1272 948 1333 1014 τῶν
1349 953 1599 1034 μονοστροριιιῶν

429 1056 544 1140 γίνεται
558 1053 708 1140 Σαπφοῦς
729 1076 763 1119 τε
785 1056 839 1117 καὶ
857 1051 1076 1138 Ἀνακρέοντος
1097 1055 1153 1117 καὶ
1170 1051 1316 1118 Ἀλκαίου
1332 1055 1364 1118 h.
1381 1073 1409 1118 e.
1427 1054 1598 1130 „carmina

431 1160 639 1226 diversorum
662 1163 848 1224 metrorum
870 1177 942 1222 sese
966 1157 1120 1241 excipere
1143 1158 1250 1239 magis
1272 1176 1335 1222 usu
1358 1157 1451 1220 venit
1473 1157 1509 1221 iu
1527 1176 1598 1221 car-

429 1264 575 1328 minibus
599 1262 897 1344 monostrophicis,
920 1281 1020 1344 quam
1042 1261 1077 1325 in
1104 1261 1284 1344 epodicis“.
1330 1259 1489 1325 Osannus
1512 1261 1547 1341 (l.
1571 1281 1597 1326 c.

429 1388 461 1449 p.
477 1368 531 1450 69)
554 1366 639 1430 nihil
662 1366 820 1431 dubitans
842 1367 925 1430 haec
940 1365 1043 1429 verba
1062 1365 1227 1443 suaserit,
1251 1370 1285 1429 at
1301 1365 1507 1429 contrariam
1522 1384 1598 1430 sen·

429 1470 568 1536 tentiam
597 1488 710 1534 veram
740 1489 816 1534 esse
844 1474 993 1551 apparet.
1043 1469 1236 1550 Perpaucae
1263 1468 1415 1551 quamvis
1439 1467 1599 1550 reliquiae

430 1574 576 1637 Graecae
597 1592 741 1654 poeseos
765 1576 910 1638 aetatem
932 1571 1080 1650 tulerim,
1104 1571 1193 1653 apud
1213 1570 1399 1636 Pindarum
1422 1589 1466 1636 ne
1494 1573 1598 1636 semel

409 1675 564 1758 quidem
599 1674 749 1739 carmina
774 1673 912 1756 paribus
935 1674 1052 1738 metris
1082 1673 1219 1737 condita
1252 1677 1448 1751 occurrunt,
1482 1679 1599 1738 contra

430 1779 519 1860 apud
552 1779 770 1860 Sapphonem
805 1777 954 1842 universi
993 1776 1069 1841 libri
1111 1775 1229 1841 eodem
1268 1780 1377 1841 metro
1415 1777 1597 1859 conscripti

431 1886 540 1958 erant;
570 1881 610 1945 cs.
639 1881 747 1963 Heph.
775 1901 807 1962 p.
836 1881 888 1959 25,
915 1881 945 1945 4.
975 1880 1025 1955 35,
1054 1881 1075 1944 6
1102 1880 1166 1958 W,
1194 1881 1274 1944 Mar.
1303 1881 1388 1945 Plot.
1418 1881 1453 1944 ln
1475 1881 1530 1947 GL
1558 1883 1598 1946 Vl

429 2007 461 2068 p.
495 1985 568 2062 545,
607 1985 637 2066 9,
672 1984 780 2066 Bergk
818 1984 899 2048 PLG
932 1982 990 2047 ΙΙΙ*
1022 2003 1054 2064 p.
1089 1983 1130 2047 82
1164 2003 1214 2065 sq.
1269 1983 1350 2046 Inde
1387 1985 1478 2066 quod
1510 1985 1599 2068 apud

431 2088 619 2166 Horatium,
641 2091 678 2151 ut
701 2086 741 2150 de
766 2085 884 2150 ordine
908 2084 1098 2150 Catulliano
1120 2088 1260 2163 taceam,
1284 2084 1436 2150 variandi
1452 2085 1599 2152 studium

434 2191 622 2273 principem
645 2191 755 2254 locum
777 2193 880 2266 tenet,
903 2188 944 2253 de
966 2188 1095 2269 graecis
1119 2187 1281 2270 exemplis
1312 2189 1394 2253 certi
1417 2190 1598 2273 quidquam

431 2315 500 2360 non
524 2292 754 2376 collegerim.²)
798 2293 866 2358 Sed
882 2291 1014 2356 etiamsi
1037 2291 1111 2374 quis
1134 2290 1225 2356 aliud
1247 2292 1382 2370 sentiat,
1404 2297 1496 2358 certe
1519 2293 1600 2358 illud

430 2396 576 2483 μᾶλλον
598 2416 792 2479 perversum
815 2400 876 2461 est.
922 2395 1009 2477 Ergo
1025 2399 1083 2459 aut
1098 2399 1207 2460 totum
1222 2396 1432 2462 enuntiatum
1448 2397 1599 2479 spurium

431 2505 482 2566 est
505 2505 571 2580 aut,
601 2501 635 2565 id
663 2500 751 2584 quod
774 2500 881 2582 magis
903 2500 1024 2580 placet,
1049 2499 1239 2582 corruptela
1261 2499 1352 2565 inest
1374 2502 1409 2564 in
1433 2501 1597 2566 vocabulo

430 2604 559 2691 μᾶλλον,
583 2605 725 2669 forsitan
749 2625 789 2668 ex
812 2603 1089 2668 antecedentibus
1118 2603 1230 2668 verbis
1257 2605 1314 2666 καὶ
1335 2600 1470 2689 μάλιστα
1499 2626 1599 2688 expe-

432 2708 568 2773 dienda:
592 2709 635 2773 ad
651 2728 750 2791 quarn
768 2708 954 2772 sanandam
969 2711 1081 2771 utrum
1096 2726 1213 2772 vocem
1229 2705 1348 2792 μᾶλλον
1364 2728 1537 2791 expungas
1555 2730 1599 2773 an

430 2814 584 2877 lacunam
607 2816 735 2877 statuas
766 2830 810 2875 an
837 2810 928 2875 aliud
954 2811 1093 2874 verbum
1123 2810 1322 2889 substituas,
1357 2831 1427 2875 non
1456 2812 1598 2877 multum

430 2916 580 2994 interest,
602 2935 676 2979 curn
701 2935 754 2979 res
777 2915 820 2979 ad
840 2914 1003 2997 liquidum
1018 2913 1155 2995 perduci
1171 2917 1325 2997 nequeat.
1361 2915 1514 2998 Denique
1530 2917 1597 2981 noli

431 3020 605 3101 neglegere
628 3018 776 3083 carmina
797 3018 898 3100 paulo
921 3020 999 3081 ante
1021 3012 1218 3101 μονόστροφοι
1232 3021 1352 3082 vocata
1365 3018 1420 3082 hle
1436 3019 1598 3102 appellari

432 3117 670 3207 μονοστρορικοί.
701 3123 893 3204 Sequuntur
908 3140 940 3202 p.
955 3119 1060 3185 XXIX
1083 3120 1205 3183 15-17
1223 3121 1321 3185 haec:
1343 3120 1393 3184 ἐπὶ
1410 3121 1445 3184 δὲ
1460 3121 1522 3187 τῶν
1532 3120 1597 3186 Ἀλ-

431 3224 524 3289 acteo
547 3224 628 3302 ἰδίως
655 3222 737 3288 κατὰ
760 3226 816 3308 μὲν
836 3221 894 3307 τήν
912 3218 1157 3307 Ἀριστοφάνειον
1184 3223 1309 3289 ἔκδοσιν
1338 3222 1521 3309 ἀστερίσκος
1549 3226 1598 3289 ἐπὶ

433 3327 647 3413 ἑτιρομετρίας
675 3327 795 3391 ἐτίθετο
825 3322 930 3412 μόνης,
958 3326 1042 3391 κατὰ
1068 3324 1105 3390 δὲ
1131 3326 1188 3411 τήν
1210 3333 1262 3391 νῦν
1288 3326 1346 3411 τὴν
1368 3326 1598 3415 Ἀριστάρχειον

432 3433 486 3495 καὶ
514 3432 563 3495 ἐπὶ
592 3429 773 3516 ποιημάτων
802 3429 988 3516 μεταβολῆς.
1024 3431 1270 3513 Aristophanes
1293 3432 1393 3515 igitur
1420 3432 1457 3497 in
1485 3434 1597 3498 Alcaei

434 3534 590 3613 editione,
620 3536 647 3599 si
678 3536 859 3618 insequens
894 3553 1030 3599 carmen
1065 3534 1191 3617 dispari
1226 3541 1333 3601 metro
1370 3537 1598 3621 conscriptum

433 3643 514 3717 erat,
545 3638 579 3702 in
608 3639 698 3703 exitu
728 3638 887 3703 carminis
917 3637 1101 3721 superioris
1124 3639 1324 3703 asteriscum
1346 3639 1516 3722 appinxit,
1546 3642 1599 3705 sin

432 3742 528 3807 aliter
556 3763 609 3806 res
635 3764 670 3809 se
694 3742 849 3819 habehat,
873 3742 974 3806 modo
997 3746 1213 3825 praeceptum
1235 3763 1267 3825 p.
1290 3743 1395 3809 XXIX
1416 3744 1502 3809 3-5
1524 3764 1598 3809 cum

351 3838 356 3846 ’
432 3847 593 3911 hocloco
618 3846 813 3911 consociare
837 3846 946 3923 liceat,
976 3844 1171 3911 coronidem
1195 3846 1409 3912 subiuansse
1430 3848 1598 3930 putandus

432 3954 493 4015 est.
548 3950 638 4015 Haec
678 3950 830 4033 quamvis
862 3968 962 4031 aegre
998 3952 1142 4030 possunt
1175 3953 1289 4014 tamen
1322 3969 1396 4014 curn
1432 3951 1481 4015 eis
1515 3970 1598 4033 quae

433 4071 465 4133 p.
493 4050 597 4116 XXIX
627 4052 731 4115 3-5
765 4052 1040 4134 praescribuntur
1075 4050 1265 4129 conciliari,
1306 4052 1366 4116 sed
1402 4053 1598 4133 gravissime

307 4232 309 4239 y
435 4158 631 4236 repugnant,
654 4176 739 4238 quae
763 4154 803 4219 de
826 4155 1043 4220 Aristarchea
1066 4153 1213 4218 edilione
1237 4154 1425 4219 edocemur.
1470 4155 1553 4219 Nam
1570 4156 1598 4218 si

470 4314 637 4321 ..—-—.-..

521 4397 540 4467 ¹)
559 4396 699 4450 Asterisco
717 4398 866 4451 utebantur
883 4396 912 4450 in
931 4395 998 4450 solis
1017 4394 1182 4449 carminibus
1201 4395 1300 4463 lyricis.

517 4482 538 4551 ¹)
559 4485 592 4537 cs.
612 4484 694 4537 etiem
713 4484 744 4538 U.
763 4484 798 4537 de
809 4483 994 4539 Wilamowitz
1008 4482 1152 4551 Euripides
1165 4482 1299 4537 Herakles
1312 4484 1391 4539 roll
1408 4483 1511 4552 (Recol.
1522 4484 1598 4537 iacal

431 4588 457 4639 p.
478 4571 534 4625 III).
