3459 5200
997 558 1039 621 80

916 646 1119 653 ——--..—-.

521 763 679 829 Carmina
701 761 785 828 κατὰ
806 761 981 848 περικοπὴν
1002 757 1211 850 ἀνομοιομερῆ
1234 764 1309 829 ideo
1338 766 1491 830 notanda
1515 769 1606 836 suut.
1645 814 1648 820 2

436 868 525 949 quod
560 868 749 932 doctrinam
784 868 949 933 excultam
984 888 1059 932 esse
1093 889 1163 934 non
1197 869 1349 950 neglecta
1381 869 1521 952 antiqua
1550 889 1608 934 ro·

432 970 567 1050 moedia
587 971 700 1036 Attica
722 971 853 1036 docent.

518 1075 661 1140 Maxime
684 1075 769 1140 mira
797 1080 875 1140 sunt
904 1066 1094 1140 ἄντιθετυιοί.
1145 1075 1350 1140 Gravissime
1379 1077 1469 1142 enim
1498 1077 1606 1140 offen-

433 1177 554 1256 dimur,
589 1197 663 1242 cum
693 1176 782 1241 inter
810 1177 921 1242 media
950 1180 1132 1259 systemata
1158 1183 1191 1242 et
1213 1179 1506 1260 systematicomm
1529 1199 1607 1262 spe·

435 1281 502 1344 cies
527 1301 638 1346 sermo
662 1281 779 1345 incidit
802 1281 843 1345 de
873 1281 1014 1362 singulis
1043 1281 1126 1345 colis
1159 1301 1342 1365 eorumque
1371 1284 1606 1366 responsione.

432 1385 546 1468 Neque
570 1385 758 1467 exemplum
774 1404 844 1449 non
858 1384 1079 1449 memorabile
1094 1389 1155 1448 est.
1192 1384 1288 1463 Nam,
1303 1386 1384 1451 licet
1397 1386 1607 1469 Hephaestio

434 1507 476 1552 ue
499 1489 534 1551 in
558 1486 744 1553 enchiridio
769 1487 947 1570 quideme
970 1486 1175 1552 carminibus
1200 1487 1265 1552 illis
1286 1488 1435 1569 figuratis
1451 1490 1607 1571 exempla

432 1594 584 1673 repetere
617 1589 864 1672 dubitaverit,¹)
899 1590 964 1654 hoc
999 1590 1107 1673 quivis
1145 1590 1235 1656 videt
1268 1611 1338 1655 non
1367 1595 1494 1656 statuta
1527 1611 1604 1657 esse

433 1687 614 1759 ἀντιθετικοί
636 1697 774 1775 propter
802 1711 908 1756 unum
936 1691 1019 1757 illud
1047 1712 1183 1758 carmen
1214 1729 1257 1740 -
1290 1690 1501 1758 σπανιώτατον
1530 1714 1605 1758 csse

432 1799 497 1862 hoc
520 1816 625 1879 genus
654 1796 726 1878 ipse
752 1796 960 1878 Hephaestio
988 1797 1162 1878 profitetur
1191 1816 1298 1878 neque
1327 1802 1439 1862 cetera
1465 1799 1606 1862 techno-

432 1901 651 1983 paegniorum
673 1918 797 1980 genera
818 1919 961 1982 usquam
983 1901 1019 1964 in
1042 1900 1229 1965 carminum
1257 1900 1437 1982 generibus
1467 1919 1605 1966 enume-

433 2004 548 2069 randis
573 2004 607 2068 in
631 2023 769 2070 censum
788 2002 928 2068 veniunt
941 2039 993 2080 —‚
1018 2004 1079 2068 sed
1101 2003 1292 2086 exemplum
1313 2004 1514 2069 arcessitum
1530 2025 1605 2069 esse

433 2107 626 2185 aSimmia‚
648 2113 685 2172 ut
708 2110 835 2172 certum
864 2106 1032 2189 quoddam
1062 2105 1202 2192 σχέσεως
1228 2125 1334 2190 genus
1363 2113 1464 2173 antea
1492 2108 1606 2174 fictum

433 2211 586 2293 exemplo
610 2210 722 2294 aliquo
746 2209 980 2277 illustraretur.

517 2314 564 2378 De
589 2314 776 2380 carminum
798 2311 1037 2397 ἀπολελυμένον
1059 2317 1092 2377 et
1114 2311 1148 2390 ἐξ
1170 2309 1285 2398 ὁμοίων
1308 2314 1485 2395 speciebus
1516 2314 1605 2397 quod

433 2417 633 2499 Westphalii
667 2415 949 2498 explicationibus
983 2416 1105 2480 addam
1138 2415 1193 2479 vix
1227 2416 1347 2480 babeo.
1401 2417 1605 2498 Digeruutur

434 2520 618 2586 secundum
652 2519 742 2583 illam
778 2519 960 2595 rationem,
993 2522 1105 2582 utrum
1137 2538 1260 2601 poema
1292 2520 1466 2586 contineat
1492 2521 1605 2585 minus

432 2645 501 2689 una
524 2624 663 2706 stropha
686 2622 855 2707 (ἄστροφα)
883 2642 927 2688 an
955 2642 1058 2687 unam
1086 2624 1261 2706 stropham
1293 2621 1446 2708 (ἄτμητα,
1480 2620 1605 2707 ἀπεριέ-

435 2728 536 2812 ριστα)
552 2747 596 2791 an
613 2728 802 2809 complures
823 2721 1097 2811 (ἀνομοιόστρσφα,
1117 2725 1200 2790 κατὰ
1222 2724 1438 2811 περιορισμους
1461 2724 1605 2810 ἀνίσους).

436 2831 604 2909 Qualitatc
627 2850 734 2914 neque
757 2831 880 2895 horum
902 2849 1011 2913 neque
1039 2829 1172 2895 illorum
1201 2829 1331 2912 species
1359 2830 1448 2895 inter
1477 2850 1515 2895 se
1543 2830 1605 2894 dil-

433 2935 554 2999 terunt.
590 2935 628 2999 ln
650 2934 797 3017 utrisque
821 2934 855 2998 id
879 2933 1064 2999 cavendum
1087 2937 1149 3011 est,
1173 2953 1215 2998 nc
1233 2934 1393 3016 strophae
1409 2934 1481 2999 sint
1494 2954 1604 3016 pares,

434 3038 523 3120 quod
547 3038 575 3102 si
599 3058 661 3101 usu
683 3038 786 3114 venit,
809 3038 962 3102 carmina
981 3036 1064 3101 liunt
1086 3035 1171 3099 κατὰ
1191 3034 1308 3121 σχέσιν.

520 3141 588 3207 Sed
611 3141 690 3224 quid
713 3142 840 3207 multa?
884 3140 1092 3222 Hephaestio
1115 3160 1191 3205 cum
1212 3161 1244 3223 p.
1260 3141 1313 3218 57,
1338 3142 1462 3207 10-13
1485 3143 1604 3207 ultimo

436 3244 613 3310 enchiridii
639 3244 740 3327 capiti
763 3246 846 3310 haec
872 3244 1116 3327 praemitteret:
1139 3241 1420 3329 πολυοχημάτιστα
1440 3244 1476 3307 δέ
1500 3244 1605 3308 καλεῖ-

434 3340 484 3413 ται
506 3346 566 3413 ὅσα
587 3344 657 3413 κατ’
680 3347 878 3432 ἐπιλογισμὸν
906 3349 961 3432 μὲν
988 3345 1099 3412 οὐδένα
1125 3346 1251 3431 πλῆθος
1273 3346 1450 3433 ἐπιδέχεται
1477 3347 1603 3433 σχημά-

437 3472 506 3535 των,
531 3452 613 3517 ιιατοὶ
636 3450 813 3536 προαίρεσιν
835 3452 871 3515 δὲ
893 3450 995 3527 ἄλλως
1016 3457 1076 3516 τῶν
1097 3450 1305 3537 χρησαμένων
1330 3456 1478 3535 ποιητῶν,
1505 3452 1541 3515 in
1570 3472 1605 3515 re

436 3558 573 3622 metrica
609 3556 710 3637 longe
746 3556 925 3638 plurimum
961 3556 1073 3620 valere
1106 3556 1273 3620 rationem
1306 3555 1535 3633 deductivam,
1571 3560 1605 3619 ut
1700 3559 1701 3596 ³

436 3659 638 3725 nostratium
661 3679 817 3724 sermone
841 3663 924 3735 utar,
955 3659 1027 3742 ipse
1050 3658 1175 3724 diserte
1196 3659 1370 3741 professus
1394 3663 1455 3723 est.
1496 3661 1604 3742 Atque
1700 3697 1701 3726 ι

435 3783 471 3828 re
494 3783 573 3828 vera
595 3764 684 3828 hanc
706 3762 741 3827 in
763 3767 835 3828 toto
860 3761 1046 3827 enchiridio
1075 3762 1295 3845 principalem
1323 3781 1362 3827 ac
1391 3762 1462 3826 fere
1492 3761 1604 3844 singu·

435 3868 539 3933 larem
563 3887 638 3932 esse
662 3867 769 3951 quivis
792 3866 894 3933 semel
917 3866 1109 3931 admonitus
1133 3865 1305 3947 intellegit.
1342 3865 1457 3949 Neque
1475 3866 1604 3931 medio·
1700 3865 1701 3924 l

436 3971 536 4036 criter
559 3970 701 4035 eandem
723 3969 870 4051 viguisse
893 3969 927 4032 in
951 3968 1104 4033 doctrina
1130 3969 1201 4052 περὶ
1229 3963 1401 4053 ποιήματος
1428 3970 1604 4033 condenda
1700 4029 1701 4036 ,

437 4074 607 4151 concedet,
631 4074 686 4156 qui
710 4072 926 4155 perpenderit
949 4092 1034 4155 quae
1057 4072 1125 4135 dixi
1148 4071 1190 4135 de
1213 4072 1345 4154 elegus,
1374 4071 1415 4135 de
1438 4072 1603 4154 poematis
1700 4059 1701 4074 ¹

435 4182 493 4243 aut
514 4173 597 4240 κατὰ
619 4174 725 4261 σχέσιν
747 4181 804 4241 aut
827 4172 1076 4259 ἀπολελυμένας,
1105 4175 1147 4239 de
1170 4175 1388 4257 epodicorum
1417 4176 1602 4258 speciebus.

436 4282 477 4345 de
493 4279 712 4359 antitheticis‚
729 4280 770 4344 de
787 4280 975 4362 specierum
986 4278 1046 4342 τῶν
1061 4275 1300 4362 ἀπολελυμένον
1315 4282 1349 4343 et
1365 4283 1427 4342 τιὶν
1445 4276 1601 4363 ὲξὸμοίυν

436 4385 653 4467 aequalitate,
683 4384 724 4449 de
751 4382 902 4449 mesodis
928 4403 960 4464 p.
985 4380 1087 4447 XXVI
1111 4383 1149 4447 m
1178 4403 1227 4466 sq.
1258 4382 1422 4447 excitatis.
1476 4381 1601 4446 Eodem
1700 4405 1701 4426 ι

525 4609 544 4679 ¹)
563 4611 596 4663 cs.
615 4626 641 4679 p.
660 4610 701 4673 3t„
720 4612 745 4664 5.
766 4611 791 4663 8.
