3459 5200
1004 547 1047 617 94

440 760 616 840 dubitabit,
641 760 696 845 qui
720 779 795 826 cum
814 760 975 826 Varronis
999 759 1222 843 explicatione
1245 759 1490 842 comparaverit
1510 757 1599 825 Dion.

439 867 520 931 Thr.
536 887 568 948 p.
585 868 615 944 8,
629 867 651 930 4
673 865 728 946 (cf.
746 865 850 929 schol.
867 864 888 928 l.
904 885 932 930 c.
947 885 980 946 p.
997 865 1069 943 768,
1085 865 1126 928 tt
1139 884 1212 947 sqq.
1228 869 1263 928 et
1277 865 1313 928 in
1325 865 1476 929 Crameri
1492 865 1549 929 AO
1564 865 1598 928 IV

438 989 469 1051 p.
494 969 566 1047 313,
582 971 604 1034 4
620 989 692 1051 sqq.
715 971 748 1032 et
770 966 859 1050 apud
876 967 1044 1036 Sturzium
1061 971 1140 1050 post
1158 967 1209 1031 ut
1228 967 1311 1032 Gud.
1328 988 1360 1049 p.
1378 968 1458 1032 681⁸
1473 969 1496 1032 4
1510 973 1599 1051 sqq).

439 1072 488 1138 Ex
512 1073 661 1136 Varrone
685 1092 725 1136 ea
747 1071 789 1135 ad
810 1071 1018 1153 posteriores
1047 1069 1229 1152 scriptores
1251 1070 1391 1134 Latinos
1412 1071 1599 1153 pervenit¹l

438 1176 551 1259 Neque
573 1194 652 1240 vero
676 1175 830 1240 rhetores
861 1174 979 1238 Graeci
1007 1194 1047 1238 ea
1075 1178 1209 1250 carent,
1237 1174 1293 1256 qui
1321 1180 1519 1256 comparant
1545 1173 1600 1236 dil·

439 1279 616 1344 ferentiam
632 1277 720 1342 inter
735 1273 878 1360 διήγησιν
893 1281 926 1341 et
941 1273 1082 1361 διήγημα
1097 1276 1377 1352 intercedentem;
1393 1276 1434 1341 cf.
1450 1277 1600 1358 Hermog.

439 1383 474 1448 in
497 1383 581 1447 rhet.
605 1402 652 1463 gr.
676 1381 741 1461 (ed.
765 1381 924 1462 Spengel)
946 1381 1011 1443 vol.
1034 1381 1167 1458 11421
1194 1400 1267 1463 sqq.
1291 1385 1325 1444 et
1338 1381 1512 1463 Aphthou.
1527 1380 1601 1444 ibid.

439 1487 466 1550 ll
488 1487 539 1564 Pb,
562 1487 581 1550 4
605 1505 677 1567 sqq.
723 1484 791 1548 Sed
813 1483 916 1547 etiam
937 1483 1070 1565 gravius
1094 1488 1156 1561 est,
1185 1483 1275 1565 quod
1300 1483 1390 1566 apud
1411 1483 1602 1565 Dionysium

440 1590 608 1654 Thracem
640 1589 729 1652 inter
756 1587 850 1651 varia
876 1587 1052 1651 nominum
1080 1605 1204 1668 genera
1231 1587 1441 1668 repperimus
1471 1584 1507 1650 τὸ
1533 1586 1604 1670 προς

434 1697 466 1755 ’τι
482 1693 556 1777 ἔχον
571 1697 615 1774 (p.
632 1691 682 1770 35,
699 1691 731 1774 3)
755 1695 788 1755 et
810 1687 844 1754 τὸ
861 1687 1091 1775 ἀπολελυμένον
1113 1690 1158 1772 (p.
1173 1691 1225 1768 44,
1241 1690 1285 1773 6).
1319 1690 1372 1756 Ad
1385 1678 1602 1773 posteriorem

442 1797 553 1860 locum
577 1799 706 1879 spectat
735 1794 890 1859 scholion
917 1795 982 1858 hoc
1011 1794 1153 1875 (p879,
1178 1795 1214 1858 11
1240 1797 1345 1877 sqq.):
1378 1791 1605 1880 ἀπολελυμένον

440 1899 522 1964 ἐστὶν
551 1895 568 1962 δ
597 1896 723 1964 δύναται
752 1889 828 1960 καθ’
859 1895 951 1960 ἑαυτὸ
974 1896 1184 1980 θεωρεῖσθαι·
1205 1948 1211 1960 .
1229 1947 1260 1962 ..
1285 1897 1332 1960 διὸ
1354 1899 1410 1960 καὶ
1431 1895 1449 1961 ὁ
1470 1895 1607 1982 τεχνικὸς

441 1999 673 2088 ἀπολελυμένον
706 1997 780 2065 αὐτὸ
810 1997 944 2064 ἐκάλεσε
973 1996 1117 2084 δηλονότι
1142 2005 1198 2084 τῆς
1224 1999 1301 2084 πρὸς
1324 2001 1428 2085 ἕτερον
1455 2001 1606 2086 σχέσεως·

441 2104 579 2189 καὶγὰρ
603 2103 832 2190 ἀπολελυμένον
862 2103 943 2167 ἐστὶν
965 2100 982 2166 ὃ
1010 2103 1055 2190 μή
1084 2100 1155 2188 μεθ’
1184 2102 1291 2188 ἑτέρου
1313 2112 1427 2168 νοεῖται
1448 2102 1554 2188 ὥσπερ
1575 2106 1608 2168 τὸ

437 2206 646 2292 πρυτότυπον.
692 2209 760 2272 Sed
789 2209 852 2272 hae
881 2208 1071 2272 locutiones
1100 2227 1144 2272 ne
1172 2207 1207 2271 in
1234 2208 1452 2289 grammatica
1474 2208 1609 2290 quidem

439 2316 509 2376 arte
533 2315 664 2377 creatae
686 2311 852 2376 videntur.
898 2309 1109 2394 Quamquam
1138 2311 1360 2376 Steinthalius
1388 2312 1524 2393 (Gesch.
1552 2313 1609 2376 der

440 2415 779 2496 Sprachwissensch..
803 2414 914 2479 Berol.
941 2414 1031 2491 1863,
1059 2435 1091 2496 p.
1113 2414 1174 2478 607
1200 2415 1287 2497 sqq.)
1315 2419 1421 2479 totam
1449 2415 1540 2479 hauc
1569 2415 1611 2478 de

441 2519 616 2583 nominum
638 2518 817 2601 generibus
842 2516 1100 2601 explicationem
1118 2537 1140 2582 a
1153 2517 1314 2602 Dionysio
1330 2518 1476 2583 alienam
1490 2524 1611 2602 postea

438 2621 600 2687 infersam
624 2642 699 2687 esse
722 2621 879 2704 opinatus
909 2627 969 2687 est.
1014 2622 1123 2700 Quam
1153 2622 1381 2687 coniecturam
1409 2623 1511 2687 nimis
1542 2624 1611 2687 for-

438 2731 530 2789 tasse
554 2725 711 2790 subtilem
733 2727 922 2789 accuratius
950 2726 1144 2790 examinare
1171 2745 1257 2807 opus
1286 2746 1356 2790 non
1385 2732 1437 2791 est
1465 2732 1498 2790 et
1528 2746 1612 2809 quo·

439 2828 530 2892 niam
563 2827 607 2891 ad
641 2828 723 2892 satis
758 2828 896 2910 antiqua
929 2832 1084 2909 tempora
1112 2828 1221 2893 redire
1250 2829 1315 2892 hoc
1345 2833 1445 2911 caput
1465 2829 1613 2894 aliorum

441 2931 642 3013 scriptorum
670 2929 875 2995 testimoniis
903 2931 1066 2996 evincitur
1075 2930 1100 3015 ¹)
1124 2936 1157 2996 et
1179 2930 1348 3014 quoniam,
1378 2932 1544 3015 quidquid
1571 2934 1613 2996 de

439 3036 502 3100 hac
525 3034 722 3117 quaestione
753 3034 956 3114 iudicamus,
989 3035 1018 3098 is
1053 3034 1109 3118 qui
1142 3036 1225 3099 haec
1260 3034 1404 3117 scripsit,
1436 3056 1514 3100 cum
1542 3056 1612 3101 non

444 3139 678 3222 grammaticas
713 3139 773 3204 sed
804 3139 931 3221 logicas
961 3139 1236 3204 ratiocinationes
1260 3144 1393 3204 secutus
1417 3138 1470 3216 sit,
1497 3140 1616 3221 philo·

444 3245 628 3326 sophorum
651 3243 785 3308 scholas
809 3243 933 3307 adiisse
955 3243 1123 3326 putandus
1147 3248 1209 3309 est.
1254 3243 1343 3321 Quin
1372 3243 1474 3307 etiarn
1497 3244 1616 3308 Stein-

443 3348 567 3445 thalius
606 3367 681 3411 cum
719 3347 907 3428 complures
945 3346 1044 3411 huius
1089 3347 1209 3429 capitis
1246 3351 1359 3429 partes
1397 3346 1471 3411 sine
1508 3348 1617 3411 dubio

445 3450 688 3533 Peripateticos
705 3468 822 3531 sapere
837 3450 1076 3532 perspexisset,
1098 3450 1292 3514 universum
1308 3454 1408 3531 caput
1422 3449 1547 3514 horum
1565 3450 1618 3513 di-

446 3554 608 3636 sciplinae
631 3553 802 3618 vindicare
824 3572 894 3617 non
918 3553 1090 3617 dubitavit.
1127 3553 1215 3634 Ergo
1239 3574 1295 3618 eas
1319 3572 1451 3636 qnoque
1474 3554 1519 3618 de
1541 3556 1624 3636 qui·

443 3658 506 3722 bus
523 3658 630 3739 agitur
646 3657 832 3738 categorias
847 3656 1080 3739 Peripateticis
1098 3657 1246 3721 tribuere
1267 3656 1386 3736 ausim,
1409 3660 1623 3739 praesertim

444 3779 519 3825 cum
543 3780 582 3825 ea
605 3761 640 3825 in
663 3780 728 3843 qua
750 3780 910 3842 generum
933 3761 1067 3825 illorum
1090 3760 1273 3825 discrimen
1288 3761 1437 3843 positum
1453 3767 1507 3825 est
1523 3766 1625 3827 cate·

440 3864 534 3946 goria
564 3863 799 3946 philosophica
832 3861 867 3925 τὸ
900 3858 977 3945 πρός
1004 3884 1033 3925 τι
1061 3862 1145 3947 ἔχον,
1174 3882 1260 3945 quae
1287 3863 1355 3927 iam
1377 3863 1558 3929 Aristoteli
1585 3868 1624 3929 in

440 3986 503 4030 usu
525 3971 606 4043 erat,
629 3971 708 4048 post
731 3970 864 4048 recepta
891 3964 1043 4029 videatur
1071 3986 1093 4029 a
1120 3965 1368 4047 Peripateticis,
1399 3985 1475 4031 curn
1504 3968 1626 4033 Stoici

442 4069 688 4152 distinguerent
709 4067 744 4133 τό
766 4090 832 4146 πως
855 4070 930 4153 ἔχον
952 4073 986 4133 et
1007 4066 1043 4132 τὸ
1064 4065 1141 4152 πρός
1162 4068 1191 4132 τί
1211 4090 1277 4146 πως
1299 4070 1382 4154 ἔχον.

525 4173 739 4238 Metricorum
762 4173 944 4237 latinorum
966 4171 1173 4255 antiquiores
1195 4172 1286 4237 velut
1300 4174 1415 4249 Varro,
1438 4175 1628 4241 Ps-Cen·

442 4276 587 4355 sorinus,
611 4277 748 4341 Caesius
772 4276 909 4354 Bassus,
932 4274 1157 4339 Terentianus
1184 4276 1317 4340 Maurus
1347 4277 1456 4341 solam
1484 4284 1627 4343 metro·

528 4439 549 4509 ¹)
568 4438 635 4494 Vict.
655 4456 681 4507 p.
700 4440 741 4501 56,
763 4440 861 4492 18-21
883 4454 945 4492 eam
963 4437 1047 4505 capiti
1066 4438 1100 4489 de
1119 4440 1278 4505 poematum
1297 4438 1444 4505 generibus
1459 4444 1629 4507 praemisit.

442 4526 559 4595 Collegit
576 4525 736 4579 Latinorum
755 4526 915 4579 testimonia
932 4524 1131 4577 Wilmannsius
1149 4524 1167 4577 l.
1186 4541 1209 4579 c.

528 4612 549 4683 ²)
570 4613 602 4666 cl.
622 4612 705 4679 Uhlig
723 4630 748 4681 p.
767 4613 801 4667 33
820 4629 881 4681 sqq.
901 4613 964 4668 adn.
