<?xml version="1.0" encoding="UTF-8"?>
<!DOCTYPE html PUBLIC "-//W3C//DTD XHTML 1.0 Transitional//EN"
    "http://www.w3.org/TR/xhtml1/DTD/xhtml1-transitional.dtd">
<html xmlns="http://www.w3.org/1999/xhtml" xml:lang="en" lang="en">
 <head>
  <title>
</title>
<meta http-equiv="Content-Type" content="text/html;charset=utf-8" />
  <meta name='ocr-system' content='tesseract 3.04.00' />
  <meta name='ocr-capabilities' content='ocr_page ocr_carea ocr_par ocr_line ocrx_word'/>
</head>
<body>
  <div class='ocr_page' id='page_1' title='image "./detacitosenecae00zimmgoog_0477.png"; bbox 0 0 3459 5200; ppageno 0'>
   <div class='ocr_carea' id='block_1_1' title="bbox 963 392 986 459">
    <p class='ocr_par' dir='ltr' id='par_1_1' title="bbox 963 392 986 459">
     <span class='ocr_line' id='line_1_1' title="bbox 963 392 986 459; baseline 0 0"><span class='ocrx_word' id='word_1_1' title='bbox 963 392 986 459; x_wconf 81' lang='grc'><strong>6</strong></span> 
     </span>
    </p>
   </div>
   <div class='ocr_carea' id='block_1_2' title="bbox 344 584 1580 2097">
    <p class='ocr_par' dir='ltr' id='par_1_2' title="bbox 355 584 1580 1214">
     <span class='ocr_line' id='line_1_2' title="bbox 443 584 1578 674; baseline -0.001 -18"><span class='ocrx_word' id='word_1_2' title='bbox 443 589 538 656; x_wconf 90' lang='lat' dir='ltr'><strong>Hunc</strong></span> <span class='ocrx_word' id='word_1_3' title='bbox 565 610 639 658; x_wconf 92' lang='lat' dir='ltr'><strong>esse</strong></span> <span class='ocrx_word' id='word_1_4' title='bbox 666 588 811 656; x_wconf 90' lang='lat' dir='ltr'><strong>codicum</strong></span> <span class='ocrx_word' id='word_1_5' title='bbox 839 608 957 657; x_wconf 86' lang='lat' dir='ltr'><strong>nexum</strong></span> <span class='ocrx_word' id='word_1_6' title='bbox 984 608 1055 655; x_wconf 90' lang='lat' dir='ltr'><strong>curn</strong></span> <span class='ocrx_word' id='word_1_7' title='bbox 1078 588 1141 655; x_wconf 92' lang='lat' dir='ltr'><strong>sibi</strong></span> <span class='ocrx_word' id='word_1_8' title='bbox 1168 588 1387 674; x_wconf 77' lang='lat' dir='ltr'><strong>persuasisset</strong></span> <span class='ocrx_word' id='word_1_9' title='bbox 1409 584 1578 656; x_wconf 83' lang='lat' dir='ltr'><strong>lliehaelis</strong></span> 
     </span>
     <span class='ocr_line' id='line_1_3' title="bbox 355 695 1577 785; baseline -0.002 -20"><span class='ocrx_word' id='word_1_10' title='bbox 355 699 522 785; x_wconf 88' lang='lat' dir='ltr'><strong>exemplar</strong></span> <span class='ocrx_word' id='word_1_11' title='bbox 544 698 576 764; x_wconf 86' lang='lat' dir='ltr'>X</span> <span class='ocrx_word' id='word_1_12' title='bbox 603 698 646 764; x_wconf 88' lang='lat' dir='ltr'><strong>ab</strong></span> <span class='ocrx_word' id='word_1_13' title='bbox 673 716 871 763; x_wconf 88' lang='lat' dir='ltr'><strong>amanuense</strong></span> <span class='ocrx_word' id='word_1_14' title='bbox 897 695 1028 764; x_wconf 86' lang='lat' dir='ltr'><strong>indoetc</strong></span> <span class='ocrx_word' id='word_1_15' title='bbox 1056 696 1115 765; x_wconf 91' lang='lat' dir='ltr'><strong>sed</strong></span> <span class='ocrx_word' id='word_1_16' title='bbox 1143 695 1292 782; x_wconf 78' lang='lat' dir='ltr'><strong>diligenti</strong></span> <span class='ocrx_word' id='word_1_17' title='bbox 1320 696 1516 784; x_wconf 89' lang='lat' dir='ltr'><strong>descriptum</strong></span> <span class='ocrx_word' id='word_1_18' title='bbox 1545 697 1577 764; x_wconf 92' lang='lat' dir='ltr'><strong>in</strong></span> 
     </span>
     <span class='ocr_line' id='line_1_4' title="bbox 356 804 1578 892; baseline -0.001 -20"><span class='ocrx_word' id='word_1_19' title='bbox 356 806 540 873; x_wconf 86' lang='lat' dir='ltr'><strong>universum</strong></span> <span class='ocrx_word' id='word_1_20' title='bbox 562 804 864 892; x_wconf 78' lang='lat' dir='ltr'><strong>interpolationibus</strong></span> <span class='ocrx_word' id='word_1_21' title='bbox 888 804 1041 891; x_wconf 86' lang='lat' dir='ltr'><strong>caruisse,</strong></span> <span class='ocrx_word' id='word_1_22' title='bbox 1064 804 1276 871; x_wconf 85' lang='lat' dir='ltr'><strong>Yalibrario</strong></span> <span class='ocrx_word' id='word_1_23' title='bbox 1298 806 1404 873; x_wconf 89' lang='lat' dir='ltr'><strong>minus</strong></span> <span class='ocrx_word' id='word_1_24' title='bbox 1426 805 1578 890; x_wconf 87' lang='lat' dir='ltr'><strong>religioso</strong></span> 
     </span>
     <span class='ocr_line' id='line_1_5' title="bbox 356 911 1580 999; baseline -0.002 -17"><span class='ocrx_word' id='word_1_25' title='bbox 356 913 416 982; x_wconf 89' lang='lat' dir='ltr'><strong>sed</strong></span> <span class='ocrx_word' id='word_1_26' title='bbox 439 913 583 980; x_wconf 77' lang='lat' dir='ltr'><strong>doctiore</strong></span> <span class='ocrx_word' id='word_1_27' title='bbox 607 920 639 981; x_wconf 88' lang='lat' dir='ltr'><strong>et</strong></span> <span class='ocrx_word' id='word_1_28' title='bbox 661 912 880 997; x_wconf 88' lang='lat' dir='ltr'><strong>ingeniosiore</strong></span> <span class='ocrx_word' id='word_1_29' title='bbox 908 912 1028 979; x_wconf 85' lang='lat' dir='ltr'><strong>iactum</strong></span> <span class='ocrx_word' id='word_1_30' title='bbox 1052 911 1355 999; x_wconf 72' lang='lat' dir='ltr'><strong>interpolationibus</strong></span> <span class='ocrx_word' id='word_1_31' title='bbox 1378 912 1580 981; x_wconf 86' lang='lat' dir='ltr'><strong>redundasse</strong></span> 
     </span>
     <span class='ocr_line' id='line_1_6' title="bbox 356 1018 1580 1108; baseline -0.002 -20"><span class='ocrx_word' id='word_1_32' title='bbox 356 1022 506 1108; x_wconf 89' lang='lat' dir='ltr'><strong>opinatus</strong></span> <span class='ocrx_word' id='word_1_33' title='bbox 533 1020 567 1086; x_wconf 92' lang='lat' dir='ltr'><strong>in</strong></span> <span class='ocrx_word' id='word_1_34' title='bbox 592 1019 792 1088; x_wconf 89' lang='lat' dir='ltr'><strong>restituendo</strong></span> <span class='ocrx_word' id='word_1_35' title='bbox 809 1018 953 1104; x_wconf 76' lang='lat' dir='ltr'><strong>‘dialogo</strong></span> <span class='ocrx_word' id='word_1_36' title='bbox 981 1018 1056 1089; x_wconf 91' lang='lat' dir='ltr'><strong>huic</strong></span> <span class='ocrx_word' id='word_1_37' title='bbox 1086 1019 1216 1106; x_wconf 92' lang='lat' dir='ltr'><strong>quidem</strong></span> <span class='ocrx_word' id='word_1_38' title='bbox 1248 1020 1329 1087; x_wconf 92' lang='lat' dir='ltr'><strong>libro</strong></span> <span class='ocrx_word' id='word_1_39' title='bbox 1362 1020 1459 1087; x_wconf 86' lang='lat' dir='ltr'><strong>fidem</strong></span> <span class='ocrx_word' id='word_1_40' title='bbox 1487 1022 1580 1088; x_wconf 88' lang='lat' dir='ltr'><strong>abro-</strong></span> 
     </span>
     <span class='ocr_line' id='line_1_7' title="bbox 356 1126 1072 1214; baseline 0.001 -20"><span class='ocrx_word' id='word_1_41' title='bbox 356 1129 454 1214; x_wconf 82' lang='lat' dir='ltr'><strong>gavit,</strong></span> <span class='ocrx_word' id='word_1_42' title='bbox 477 1127 525 1193; x_wconf 93' lang='lat' dir='ltr'><strong>illi</strong></span> <span class='ocrx_word' id='word_1_43' title='bbox 548 1127 748 1195; x_wconf 86' lang='lat' dir='ltr'><strong>adiudicavit</strong></span> <span class='ocrx_word' id='word_1_44' title='bbox 770 1148 866 1212; x_wconf 87' lang='lat' dir='ltr'><strong>quam</strong></span> <span class='ocrx_word' id='word_1_45' title='bbox 890 1126 1072 1195; x_wconf 87' lang='lat' dir='ltr'><strong>maximam.</strong></span> 
     </span>
    </p>

    <p class='ocr_par' dir='ltr' id='par_1_3' title="bbox 344 1235 1580 1644">
     <span class='ocr_line' id='line_1_8' title="bbox 446 1235 1580 1321; baseline 0.001 -19"><span class='ocrx_word' id='word_1_46' title='bbox 446 1235 615 1303; x_wconf 79' lang='lat' dir='ltr'><strong>Contraria</strong></span> <span class='ocrx_word' id='word_1_47' title='bbox 643 1235 685 1303; x_wconf 91' lang='lat' dir='ltr'><strong>de</strong></span> <span class='ocrx_word' id='word_1_48' title='bbox 711 1236 743 1301; x_wconf 94' lang='lat' dir='ltr'><strong>Y</strong></span> <span class='ocrx_word' id='word_1_49' title='bbox 768 1236 902 1321; x_wconf 90' lang='lat' dir='ltr'><strong>eiusque</strong></span> <span class='ocrx_word' id='word_1_50' title='bbox 928 1236 1085 1321; x_wconf 92' lang='lat' dir='ltr'><strong>progenie</strong></span> <span class='ocrx_word' id='word_1_51' title='bbox 1112 1236 1303 1305; x_wconf 87' lang='lat' dir='ltr'><strong>Baehrensii</strong></span> <span class='ocrx_word' id='word_1_52' title='bbox 1334 1236 1496 1305; x_wconf 86' lang='lat' dir='ltr'><strong>sententia</strong></span> <span class='ocrx_word' id='word_1_53' title='bbox 1524 1242 1580 1304; x_wconf 82' lang='lat' dir='ltr'><strong>est</strong></span> 
     </span>
     <span class='ocr_line' id='line_1_9' title="bbox 355 1341 1580 1413; baseline 0 -4"><span class='ocrx_word' id='word_1_54' title='bbox 355 1344 393 1409; x_wconf 95' lang='lat' dir='ltr'><strong>In</strong></span> <span class='ocrx_word' id='word_1_55' title='bbox 416 1342 530 1410; x_wconf 89' lang='lat' dir='ltr'><strong>critico</strong></span> <span class='ocrx_word' id='word_1_56' title='bbox 553 1343 637 1410; x_wconf 91' lang='lat' dir='ltr'><strong>enim</strong></span> <span class='ocrx_word' id='word_1_57' title='bbox 661 1343 891 1410; x_wconf 87' lang='lat' dir='ltr'><strong>commentario</strong></span> <span class='ocrx_word' id='word_1_58' title='bbox 920 1342 1054 1411; x_wconf 89' lang='lat' dir='ltr'><strong>editioni</strong></span> <span class='ocrx_word' id='word_1_59' title='bbox 1076 1341 1206 1410; x_wconf 88' lang='lat' dir='ltr'><strong>adieoto</strong></span> <span class='ocrx_word' id='word_1_60' title='bbox 1234 1344 1364 1413; x_wconf 91' lang='lat' dir='ltr'><strong>codices</strong></span> <span class='ocrx_word' id='word_1_61' title='bbox 1388 1344 1415 1411; x_wconf 80' lang='lat' dir='ltr'><strong>lt</strong></span> <span class='ocrx_word' id='word_1_62' title='bbox 1438 1350 1471 1410; x_wconf 85' lang='lat' dir='ltr'><strong>et</strong></span> <span class='ocrx_word' id='word_1_63' title='bbox 1491 1342 1517 1409; x_wconf 91' lang='grc' dir='ltr'>Δ</span> <span class='ocrx_word' id='word_1_64' title='bbox 1540 1364 1580 1410; x_wconf 86' lang='lat' dir='ltr'><strong>ex</strong></span> 
     </span>
     <span class='ocr_line' id='line_1_10' title="bbox 344 1440 1580 1537; baseline 0.001 -21"><span class='ocrx_word' id='word_1_65' title='bbox 344 1440 428 1536; x_wconf 68' lang='lat' dir='ltr'><strong>&#39;ipso</strong></span> <span class='ocrx_word' id='word_1_66' title='bbox 450 1450 489 1536; x_wconf 91' lang='lat' dir='ltr'><strong>Y,</strong></span> <span class='ocrx_word' id='word_1_67' title='bbox 518 1450 544 1517; x_wconf 80' lang='lat' dir='ltr'>O</span> <span class='ocrx_word' id='word_1_68' title='bbox 567 1457 599 1517; x_wconf 92' lang='lat' dir='ltr'><strong>et</strong></span> <span class='ocrx_word' id='word_1_69' title='bbox 621 1450 651 1516; x_wconf 91' lang='lat' dir='ltr'>D</span> <span class='ocrx_word' id='word_1_70' title='bbox 679 1471 720 1517; x_wconf 85' lang='lat' dir='ltr'><strong>ex</strong></span> <span class='ocrx_word' id='word_1_71' title='bbox 745 1450 829 1517; x_wconf 93' lang='lat' dir='ltr'><strong>libro</strong></span> <span class='ocrx_word' id='word_1_72' title='bbox 858 1449 999 1534; x_wconf 90' lang='lat' dir='ltr'><strong>quodam</strong></span> <span class='ocrx_word' id='word_1_73' title='bbox 1026 1450 1269 1537; x_wconf 87' lang='lat' dir='ltr'><strong>interponendo,</strong></span> <span class='ocrx_word' id='word_1_74' title='bbox 1301 1450 1424 1519; x_wconf 91' lang='lat' dir='ltr'><strong>codicis</strong></span> <span class='ocrx_word' id='word_1_75' title='bbox 1447 1450 1477 1517; x_wconf 88' lang='lat' dir='ltr'>Y</span> <span class='ocrx_word' id='word_1_76' title='bbox 1503 1471 1580 1537; x_wconf 90' lang='lat' dir='ltr'><strong>apo-</strong></span> 
     </span>
     <span class='ocr_line' id='line_1_11' title="bbox 357 1557 1579 1644; baseline 0.002 -21"><span class='ocrx_word' id='word_1_77' title='bbox 357 1557 491 1644; x_wconf 87' lang='lat' dir='ltr'><strong>graplro,</strong></span> <span class='ocrx_word' id='word_1_78' title='bbox 514 1557 678 1627; x_wconf 88' lang='lat' dir='ltr'><strong>derivatos</strong></span> <span class='ocrx_word' id='word_1_79' title='bbox 697 1578 771 1626; x_wconf 91' lang='lat' dir='ltr'><strong>esse</strong></span> <span class='ocrx_word' id='word_1_80' title='bbox 788 1557 921 1644; x_wconf 81' lang='lat' dir='ltr'><strong>iudicat,</strong></span> <span class='ocrx_word' id='word_1_81' title='bbox 944 1564 979 1623; x_wconf 87' lang='lat' dir='ltr'><strong>nt</strong></span> <span class='ocrx_word' id='word_1_82' title='bbox 996 1558 1062 1625; x_wconf 86' lang='lat' dir='ltr'><strong>tale</strong></span> <span class='ocrx_word' id='word_1_83' title='bbox 1086 1557 1229 1627; x_wconf 83' lang='lat' dir='ltr'><strong>familiae</strong></span> <span class='ocrx_word' id='word_1_84' title='bbox 1244 1560 1274 1625; x_wconf 94' lang='lat' dir='ltr'>Y</span> <span class='ocrx_word' id='word_1_85' title='bbox 1292 1560 1412 1627; x_wconf 81' lang='lat' dir='ltr'><strong>evadat</strong></span> <span class='ocrx_word' id='word_1_86' title='bbox 1431 1566 1579 1627; x_wconf 88' lang='lat' dir='ltr'><strong>stemma:</strong></span> 
     </span>
    </p>

    <p class='ocr_par' dir='ltr' id='par_1_4' title="bbox 747 1768 1188 2097">
     <span class='ocr_line' id='line_1_12' title="bbox 747 1768 1188 2097; baseline -0.007 -132"><span class='ocrx_word' id='word_1_87' title='bbox 747 1768 1021 2097; x_wconf 54' lang='lat' dir='ltr'><strong>rs„</strong></span> <span class='ocrx_word' id='word_1_88' title='bbox 1161 1897 1188 1962; x_wconf 66' lang='lat' dir='ltr'><strong>t</strong></span> 
     </span>
    </p>
   </div>
   <div class='ocr_carea' id='block_1_3' title="bbox 903 2096 1040 2164">
    <p class='ocr_par' dir='ltr' id='par_1_5' title="bbox 903 2096 1040 2164">
     <span class='ocr_line' id='line_1_13' title="bbox 903 2096 1040 2164; baseline -0.007 0"><span class='ocrx_word' id='word_1_89' title='bbox 903 2096 929 2164; x_wconf 82' lang='lat' dir='ltr'>O</span> <span class='ocrx_word' id='word_1_90' title='bbox 1010 2098 1040 2163; x_wconf 92' lang='lat' dir='ltr'>D</span> 
     </span>
    </p>
   </div>
   <div class='ocr_carea' id='block_1_4' title="bbox 357 2210 1583 4560">
    <p class='ocr_par' dir='ltr' id='par_1_6' title="bbox 357 2210 1581 2839">
     <span class='ocr_line' id='line_1_14' title="bbox 446 2210 1579 2297; baseline 0.001 -19"><span class='ocrx_word' id='word_1_91' title='bbox 446 2210 519 2289; x_wconf 83' lang='lat' dir='ltr'><strong>Qua</strong></span> <span class='ocrx_word' id='word_1_92' title='bbox 541 2212 574 2277; x_wconf 92' lang='lat' dir='ltr'><strong>in</strong></span> <span class='ocrx_word' id='word_1_93' title='bbox 598 2213 829 2280; x_wconf 89' lang='lat' dir='ltr'><strong>sententiarum</strong></span> <span class='ocrx_word' id='word_1_94' title='bbox 851 2213 1042 2281; x_wconf 85' lang='lat' dir='ltr'><strong>diversitate</strong></span> <span class='ocrx_word' id='word_1_95' title='bbox 1064 2214 1177 2280; x_wconf 89' lang='lat' dir='ltr'><strong>mirum</strong></span> <span class='ocrx_word' id='word_1_96' title='bbox 1200 2232 1265 2280; x_wconf 93' lang='lat' dir='ltr'><strong>non</strong></span> <span class='ocrx_word' id='word_1_97' title='bbox 1289 2220 1348 2290; x_wconf 77' lang='lat' dir='ltr'><strong>est,</strong></span> <span class='ocrx_word' id='word_1_98' title='bbox 1373 2212 1458 2297; x_wconf 88' lang='lat' dir='ltr'><strong>qnod</strong></span> <span class='ocrx_word' id='word_1_99' title='bbox 1475 2212 1579 2279; x_wconf 90' lang='lat' dir='ltr'><strong>Baeb-</strong></span> 
     </span>
     <span class='ocr_line' id='line_1_15' title="bbox 357 2320 1578 2406; baseline 0 -20"><span class='ocrx_word' id='word_1_100' title='bbox 357 2320 483 2387; x_wconf 90' lang='lat' dir='ltr'><strong>rensius</strong></span> <span class='ocrx_word' id='word_1_101' title='bbox 515 2320 707 2387; x_wconf 91' lang='lat' dir='ltr'><strong>sententiam</strong></span> <span class='ocrx_word' id='word_1_102' title='bbox 730 2321 900 2389; x_wconf 80' lang='lat' dir='ltr'><strong>Michaelis</strong></span> <span class='ocrx_word' id='word_1_103' title='bbox 932 2322 979 2389; x_wconf 87' lang='lat' dir='ltr'><strong>ita</strong></span> <span class='ocrx_word' id='word_1_104' title='bbox 1003 2322 1144 2406; x_wconf 86' lang='lat' dir='ltr'><strong>invertit,</strong></span> <span class='ocrx_word' id='word_1_105' title='bbox 1176 2328 1212 2387; x_wconf 91' lang='lat' dir='ltr'><strong>nt</strong></span> <span class='ocrx_word' id='word_1_106' title='bbox 1238 2340 1310 2387; x_wconf 91' lang='lat' dir='ltr'><strong>eam</strong></span> <span class='ocrx_word' id='word_1_107' title='bbox 1345 2320 1578 2399; x_wconf 80' lang='lat' dir='ltr'><strong>anctoritatem,</strong></span> 
     </span>
     <span class='ocr_line' id='line_1_16' title="bbox 358 2426 1580 2517; baseline -0.001 -23"><span class='ocrx_word' id='word_1_108' title='bbox 358 2448 454 2513; x_wconf 89' lang='lat' dir='ltr'><strong>quam</strong></span> <span class='ocrx_word' id='word_1_109' title='bbox 486 2426 539 2493; x_wconf 90' lang='lat' dir='ltr'><strong>hic</strong></span> <span class='ocrx_word' id='word_1_110' title='bbox 569 2427 675 2494; x_wconf 88' lang='lat' dir='ltr'><strong>codici</strong></span> <span class='ocrx_word' id='word_1_111' title='bbox 703 2429 742 2514; x_wconf 87' lang='lat' dir='ltr'><strong>X,</strong></span> <span class='ocrx_word' id='word_1_112' title='bbox 775 2428 952 2517; x_wconf 82' lang='lat' dir='ltr'><strong>archetypo</strong></span> <span class='ocrx_word' id='word_1_113' title='bbox 980 2428 1010 2495; x_wconf 89' lang='lat' dir='ltr'>Y</span> <span class='ocrx_word' id='word_1_114' title='bbox 1041 2428 1253 2497; x_wconf 89' lang='lat' dir='ltr'><strong>adiudicaret</strong></span> <span class='ocrx_word' id='word_1_115' title='bbox 1304 2428 1418 2513; x_wconf 89' lang='lat' dir='ltr'><strong>ltaque</strong></span> <span class='ocrx_word' id='word_1_116' title='bbox 1447 2448 1518 2495; x_wconf 91' lang='lat' dir='ltr'><strong>cum</strong></span> <span class='ocrx_word' id='word_1_117' title='bbox 1549 2429 1580 2493; x_wconf 90' lang='lat' dir='ltr'><strong>in</strong></span> 
     </span>
     <span class='ocr_line' id='line_1_17' title="bbox 357 2534 1581 2624; baseline 0.002 -22"><span class='ocrx_word' id='word_1_118' title='bbox 357 2534 557 2603; x_wconf 87' lang='lat' dir='ltr'><strong>recensendo</strong></span> <span class='ocrx_word' id='word_1_119' title='bbox 580 2535 713 2621; x_wconf 85' lang='lat' dir='ltr'><strong>dialogo</strong></span> <span class='ocrx_word' id='word_1_120' title='bbox 737 2536 884 2605; x_wconf 89' lang='lat' dir='ltr'><strong>codicum</strong></span> <span class='ocrx_word' id='word_1_121' title='bbox 907 2540 937 2605; x_wconf 81' lang='lat' dir='ltr'>A</span> <span class='ocrx_word' id='word_1_122' title='bbox 957 2538 1034 2606; x_wconf 91' lang='lat' dir='ltr'><strong>etB</strong></span> <span class='ocrx_word' id='word_1_123' title='bbox 1057 2536 1251 2606; x_wconf 89' lang='lat' dir='ltr'><strong>lectionibus</strong></span> <span class='ocrx_word' id='word_1_124' title='bbox 1275 2536 1467 2624; x_wconf 89' lang='lat' dir='ltr'><strong>saepissime</strong></span> <span class='ocrx_word' id='word_1_125' title='bbox 1488 2557 1581 2623; x_wconf 93' lang='lat' dir='ltr'><strong>repu-</strong></span> 
     </span>
     <span class='ocr_line' id='line_1_18' title="bbox 358 2643 1581 2733; baseline -0.001 -23"><span class='ocrx_word' id='word_1_126' title='bbox 358 2644 458 2710; x_wconf 90' lang='lat' dir='ltr'><strong>diatis</strong></span> <span class='ocrx_word' id='word_1_127' title='bbox 485 2643 629 2710; x_wconf 87' lang='lat' dir='ltr'><strong>familiae</strong></span> <span class='ocrx_word' id='word_1_128' title='bbox 655 2645 687 2710; x_wconf 94' lang='lat' dir='ltr'>Y</span> <span class='ocrx_word' id='word_1_129' title='bbox 713 2646 889 2732; x_wconf 90' lang='lat' dir='ltr'><strong>scripturas</strong></span> <span class='ocrx_word' id='word_1_130' title='bbox 916 2646 1103 2733; x_wconf 84' lang='lat' dir='ltr'><strong>praeferret,</strong></span> <span class='ocrx_word' id='word_1_131' title='bbox 1133 2645 1252 2711; x_wconf 84' lang='lat' dir='ltr'><strong>iactum</strong></span> <span class='ocrx_word' id='word_1_132' title='bbox 1281 2653 1340 2731; x_wconf 81' lang='lat' dir='ltr'><strong>est,</strong></span> <span class='ocrx_word' id='word_1_133' title='bbox 1368 2651 1403 2711; x_wconf 92' lang='lat' dir='ltr'><strong>nt</strong></span> <span class='ocrx_word' id='word_1_134' title='bbox 1431 2644 1581 2712; x_wconf 85' lang='lat' dir='ltr'><strong>editionis</strong></span> 
     </span>
     <span class='ocr_line' id='line_1_19' title="bbox 359 2749 1515 2839; baseline 0 -20"><span class='ocrx_word' id='word_1_135' title='bbox 359 2752 487 2838; x_wconf 87' lang='lat' dir='ltr'><strong>species</strong></span> <span class='ocrx_word' id='word_1_136' title='bbox 510 2751 551 2817; x_wconf 90' lang='lat' dir='ltr'><strong>ab</strong></span> <span class='ocrx_word' id='word_1_137' title='bbox 575 2771 614 2818; x_wconf 94' lang='lat' dir='ltr'><strong>eo</strong></span> <span class='ocrx_word' id='word_1_138' title='bbox 638 2753 778 2820; x_wconf 91' lang='lat' dir='ltr'><strong>emissae</strong></span> <span class='ocrx_word' id='word_1_139' title='bbox 801 2773 822 2819; x_wconf 98' lang='lat' dir='ltr'><strong>a</strong></span> <span class='ocrx_word' id='word_1_140' title='bbox 844 2753 1092 2820; x_wconf 80' lang='lat' dir='ltr'><strong>Michaelisiana</strong></span> <span class='ocrx_word' id='word_1_141' title='bbox 1113 2751 1320 2820; x_wconf 85' lang='lat' dir='ltr'><strong>vehementer</strong></span> <span class='ocrx_word' id='word_1_142' title='bbox 1343 2749 1515 2839; x_wconf 78' lang='lat' dir='ltr'><strong>discrepet.</strong></span> 
     </span>
    </p>

    <p class='ocr_par' dir='ltr' id='par_1_7' title="bbox 360 2857 1583 4560">
     <span class='ocr_line' id='line_1_20' title="bbox 448 2857 1580 2936; baseline 0.001 -11"><span class='ocrx_word' id='word_1_143' title='bbox 448 2857 679 2936; x_wconf 83' lang='lat' dir='ltr'><strong>Quaestionem</strong></span> <span class='ocrx_word' id='word_1_144' title='bbox 706 2867 778 2926; x_wconf 87' lang='lat' dir='ltr'><strong>uter</strong></span> <span class='ocrx_word' id='word_1_145' title='bbox 800 2860 842 2928; x_wconf 93' lang='lat' dir='ltr'><strong>de</strong></span> <span class='ocrx_word' id='word_1_146' title='bbox 864 2857 1074 2927; x_wconf 84' lang='lat' dir='ltr'><strong>fundamento</strong></span> <span class='ocrx_word' id='word_1_147' title='bbox 1101 2858 1300 2926; x_wconf 79' lang='lat' dir='ltr'><strong>recensionis</strong></span> <span class='ocrx_word' id='word_1_148' title='bbox 1323 2858 1472 2926; x_wconf 89' lang='lat' dir='ltr'><strong>iaciendo</strong></span> <span class='ocrx_word' id='word_1_149' title='bbox 1493 2867 1580 2926; x_wconf 89' lang='lat' dir='ltr'><strong>reete</strong></span> 
     </span>
     <span class='ocr_line' id='line_1_21' title="bbox 360 2964 1581 3054; baseline -0.002 -21"><span class='ocrx_word' id='word_1_150' title='bbox 360 2966 498 3033; x_wconf 88' lang='lat' dir='ltr'><strong>senserit</strong></span> <span class='ocrx_word' id='word_1_151' title='bbox 524 2967 729 3033; x_wconf 88' lang='lat' dir='ltr'><strong>tractandam</strong></span> <span class='ocrx_word' id='word_1_152' title='bbox 752 2967 814 3034; x_wconf 91' lang='lat' dir='ltr'><strong>sibi</strong></span> <span class='ocrx_word' id='word_1_153' title='bbox 838 2967 976 3054; x_wconf 86' lang='lat' dir='ltr'><strong>sumpsit</strong></span> <span class='ocrx_word' id='word_1_154' title='bbox 999 2967 1074 3034; x_wconf 92' lang='lat' dir='ltr'><strong>Otto</strong></span> <span class='ocrx_word' id='word_1_155' title='bbox 1097 2964 1234 3050; x_wconf 89' lang='lat' dir='ltr'><strong>Binde¹)</strong></span> <span class='ocrx_word' id='word_1_156' title='bbox 1261 2967 1309 3034; x_wconf 88' lang='lat' dir='ltr'><strong>ita</strong></span> <span class='ocrx_word' id='word_1_157' title='bbox 1332 2973 1367 3033; x_wconf 90' lang='lat' dir='ltr'><strong>ut</strong></span> <span class='ocrx_word' id='word_1_158' title='bbox 1390 2967 1581 3034; x_wconf 89' lang='lat' dir='ltr'><strong>sententiam</strong></span> 
     </span>
     <span class='ocr_line' id='line_1_22' title="bbox 360 3072 1580 3161; baseline -0.001 -22"><span class='ocrx_word' id='word_1_159' title='bbox 360 3072 515 3140; x_wconf 87' lang='lat' dir='ltr'><strong>defendat</strong></span> <span class='ocrx_word' id='word_1_160' title='bbox 541 3073 718 3160; x_wconf 78' lang='lat' dir='ltr'><strong>Michaelis,</strong></span> <span class='ocrx_word' id='word_1_161' title='bbox 751 3094 823 3140; x_wconf 90' lang='lat' dir='ltr'><strong>cnm</strong></span> <span class='ocrx_word' id='word_1_162' title='bbox 851 3075 1029 3161; x_wconf 84' lang='lat' dir='ltr'><strong>archetypo</strong></span> <span class='ocrx_word' id='word_1_163' title='bbox 1058 3074 1090 3140; x_wconf 86' lang='lat' dir='ltr'>X</span> <span class='ocrx_word' id='word_1_164' title='bbox 1119 3082 1155 3141; x_wconf 92' lang='lat' dir='ltr'><strong>nt</strong></span> <span class='ocrx_word' id='word_1_165' title='bbox 1186 3074 1354 3142; x_wconf 88' lang='lat' dir='ltr'><strong>sinceriori</strong></span> <span class='ocrx_word' id='word_1_166' title='bbox 1383 3073 1580 3142; x_wconf 88' lang='lat' dir='ltr'><strong>Henochiani</strong></span> 
     </span>
     <span class='ocr_line' id='line_1_23' title="bbox 360 3180 1581 3267; baseline -0.001 -21"><span class='ocrx_word' id='word_1_167' title='bbox 360 3180 554 3267; x_wconf 84' lang='lat' dir='ltr'><strong>exemplaris</strong></span> <span class='ocrx_word' id='word_1_168' title='bbox 582 3182 657 3248; x_wconf 91' lang='lat' dir='ltr'><strong>testi</strong></span> <span class='ocrx_word' id='word_1_169' title='bbox 685 3181 910 3249; x_wconf 87' lang='lat' dir='ltr'><strong>auctoritatem</strong></span> <span class='ocrx_word' id='word_1_170' title='bbox 938 3202 1012 3249; x_wconf 91' lang='lat' dir='ltr'><strong>esse</strong></span> <span class='ocrx_word' id='word_1_171' title='bbox 1039 3181 1141 3248; x_wconf 92' lang='lat' dir='ltr'><strong>multo</strong></span> <span class='ocrx_word' id='word_1_172' title='bbox 1173 3182 1327 3248; x_wconf 89' lang='lat' dir='ltr'><strong>maiorem</strong></span> <span class='ocrx_word' id='word_1_173' title='bbox 1355 3202 1452 3267; x_wconf 84' lang='lat' dir='ltr'><strong>qnam</strong></span> <span class='ocrx_word' id='word_1_174' title='bbox 1479 3181 1581 3248; x_wconf 90' lang='lat' dir='ltr'><strong>codici</strong></span> 
     </span>
     <span class='ocr_line' id='line_1_24' title="bbox 360 3287 1582 3377; baseline 0 -23"><span class='ocrx_word' id='word_1_175' title='bbox 360 3289 390 3354; x_wconf 91' lang='lat' dir='ltr'>Y</span> <span class='ocrx_word' id='word_1_176' title='bbox 412 3287 622 3354; x_wconf 82' lang='lat' dir='ltr'><strong>multifariam</strong></span> <span class='ocrx_word' id='word_1_177' title='bbox 645 3287 887 3374; x_wconf 87' lang='lat' dir='ltr'><strong>interpolatoris</strong></span> <span class='ocrx_word' id='word_1_178' title='bbox 910 3289 1044 3356; x_wconf 90' lang='lat' dir='ltr'><strong>arbitrio</strong></span> <span class='ocrx_word' id='word_1_179' title='bbox 1065 3296 1097 3355; x_wconf 94' lang='lat' dir='ltr'><strong>et</strong></span> <span class='ocrx_word' id='word_1_180' title='bbox 1112 3288 1253 3354; x_wconf 88' lang='lat' dir='ltr'><strong>audacia</strong></span> <span class='ocrx_word' id='word_1_181' title='bbox 1276 3296 1424 3375; x_wconf 89' lang='lat' dir='ltr'><strong>corrupto</strong></span> <span class='ocrx_word' id='word_1_182' title='bbox 1446 3289 1582 3377; x_wconf 90' lang='lat' dir='ltr'><strong>probare</strong></span> 
     </span>
     <span class='ocr_line' id='line_1_25' title="bbox 361 3394 1581 3481; baseline -0.001 -18"><span class='ocrx_word' id='word_1_183' title='bbox 361 3394 478 3463; x_wconf 86' lang='lat' dir='ltr'><strong>studet</strong></span> <span class='ocrx_word' id='word_1_184' title='bbox 516 3394 581 3461; x_wconf 89' lang='lat' dir='ltr'><strong>Sed</strong></span> <span class='ocrx_word' id='word_1_185' title='bbox 606 3416 800 3480; x_wconf 89' lang='lat' dir='ltr'><strong>quamquam</strong></span> <span class='ocrx_word' id='word_1_186' title='bbox 822 3396 985 3476; x_wconf 83' lang='lat' dir='ltr'><strong>nonnulla,</strong></span> <span class='ocrx_word' id='word_1_187' title='bbox 1010 3417 1095 3481; x_wconf 88' lang='lat' dir='ltr'><strong>quae</strong></span> <span class='ocrx_word' id='word_1_188' title='bbox 1114 3395 1276 3463; x_wconf 88' lang='lat' dir='ltr'><strong>hominum</strong></span> <span class='ocrx_word' id='word_1_189' title='bbox 1300 3395 1465 3463; x_wconf 88' lang='lat' dir='ltr'><strong>doctorum</strong></span> <span class='ocrx_word' id='word_1_190' title='bbox 1489 3415 1581 3480; x_wconf 88' lang='lat' dir='ltr'><strong>saga-</strong></span> 
     </span>
     <span class='ocr_line' id='line_1_26' title="bbox 362 3501 1582 3590; baseline -0.001 -21"><span class='ocrx_word' id='word_1_191' title='bbox 362 3504 492 3569; x_wconf 87' lang='lat' dir='ltr'><strong>citatem</strong></span> <span class='ocrx_word' id='word_1_192' title='bbox 506 3501 665 3587; x_wconf 84' lang='lat' dir='ltr'><strong>fugerant,</strong></span> <span class='ocrx_word' id='word_1_193' title='bbox 687 3504 809 3588; x_wconf 90' lang='lat' dir='ltr'><strong>primus</strong></span> <span class='ocrx_word' id='word_1_194' title='bbox 828 3505 989 3590; x_wconf 80' lang='lat' dir='ltr'><strong>cognovit,</strong></span> <span class='ocrx_word' id='word_1_195' title='bbox 1013 3511 1122 3570; x_wconf 90' lang='lat' dir='ltr'><strong>tamen</strong></span> <span class='ocrx_word' id='word_1_196' title='bbox 1137 3503 1320 3570; x_wconf 88' lang='lat' dir='ltr'><strong>intricatam</strong></span> <span class='ocrx_word' id='word_1_197' title='bbox 1340 3503 1430 3570; x_wconf 87' lang='lat' dir='ltr'><strong>illam</strong></span> <span class='ocrx_word' id='word_1_198' title='bbox 1445 3503 1582 3588; x_wconf 86' lang='lat' dir='ltr'><strong>quaesti-</strong></span> 
     </span>
     <span class='ocr_line' id='line_1_27' title="bbox 362 3609 1582 3698; baseline -0.001 -21"><span class='ocrx_word' id='word_1_199' title='bbox 362 3632 455 3677; x_wconf 90' lang='lat' dir='ltr'><strong>onem</strong></span> <span class='ocrx_word' id='word_1_200' title='bbox 479 3609 521 3676; x_wconf 92' lang='lat' dir='ltr'><strong>de</strong></span> <span class='ocrx_word' id='word_1_201' title='bbox 542 3609 608 3675; x_wconf 87' lang='lat' dir='ltr'><strong>fide</strong></span> <span class='ocrx_word' id='word_1_202' title='bbox 629 3610 782 3676; x_wconf 88' lang='lat' dir='ltr'><strong>librorum</strong></span> <span class='ocrx_word' id='word_1_203' title='bbox 804 3611 836 3677; x_wconf 85' lang='lat' dir='ltr'>X</span> <span class='ocrx_word' id='word_1_204' title='bbox 850 3612 927 3677; x_wconf 89' lang='lat' dir='ltr'><strong>etY</strong></span> <span class='ocrx_word' id='word_1_205' title='bbox 949 3633 1013 3679; x_wconf 93' lang='lat' dir='ltr'><strong>non</strong></span> <span class='ocrx_word' id='word_1_206' title='bbox 1035 3609 1230 3698; x_wconf 87' lang='lat' dir='ltr'><strong>profligavit</strong></span> <span class='ocrx_word' id='word_1_207' title='bbox 1277 3610 1350 3689; x_wconf 84' lang='lat' dir='ltr'><strong>Qua</strong></span> <span class='ocrx_word' id='word_1_208' title='bbox 1372 3611 1405 3676; x_wconf 91' lang='lat' dir='ltr'><strong>in</strong></span> <span class='ocrx_word' id='word_1_209' title='bbox 1430 3611 1582 3679; x_wconf 84' lang='lat' dir='ltr'><strong>solvenda</strong></span> 
     </span>
     <span class='ocr_line' id='line_1_28' title="bbox 363 3716 1582 3807; baseline -0.002 -21"><span class='ocrx_word' id='word_1_210' title='bbox 363 3741 434 3786; x_wconf 89' lang='lat' dir='ltr'><strong>curn</strong></span> <span class='ocrx_word' id='word_1_211' title='bbox 456 3739 526 3785; x_wconf 90' lang='lat' dir='ltr'><strong>rem</strong></span> <span class='ocrx_word' id='word_1_212' title='bbox 549 3739 587 3786; x_wconf 91' lang='lat' dir='ltr'><strong>eo</strong></span> <span class='ocrx_word' id='word_1_213' title='bbox 610 3716 735 3785; x_wconf 81' lang='lat' dir='ltr'><strong>videret</strong></span> <span class='ocrx_word' id='word_1_214' title='bbox 762 3718 942 3805; x_wconf 89' lang='lat' dir='ltr'><strong>deductam,</strong></span> <span class='ocrx_word' id='word_1_215' title='bbox 970 3727 1006 3788; x_wconf 91' lang='lat' dir='ltr'><strong>ut</strong></span> <span class='ocrx_word' id='word_1_216' title='bbox 1028 3721 1062 3785; x_wconf 93' lang='lat' dir='ltr'><strong>in</strong></span> <span class='ocrx_word' id='word_1_217' title='bbox 1083 3727 1195 3807; x_wconf 90' lang='lat' dir='ltr'><strong>partes</strong></span> <span class='ocrx_word' id='word_1_218' title='bbox 1224 3719 1428 3788; x_wconf 88' lang='lat' dir='ltr'><strong>discederent</strong></span> <span class='ocrx_word' id='word_1_219' title='bbox 1455 3739 1582 3806; x_wconf 92' lang='lat' dir='ltr'><strong>prorsus</strong></span> 
     </span>
     <span class='ocr_line' id='line_1_29' title="bbox 363 3825 1583 3912; baseline -0.002 -19"><span class='ocrx_word' id='word_1_220' title='bbox 363 3827 511 3893; x_wconf 89' lang='lat' dir='ltr'><strong>diversas</strong></span> <span class='ocrx_word' id='word_1_221' title='bbox 544 3826 599 3912; x_wconf 92' lang='lat' dir='ltr'><strong>qui</strong></span> <span class='ocrx_word' id='word_1_222' title='bbox 627 3846 699 3892; x_wconf 88' lang='lat' dir='ltr'><strong>eam</strong></span> <span class='ocrx_word' id='word_1_223' title='bbox 730 3833 828 3893; x_wconf 89' lang='lat' dir='ltr'><strong>antea</strong></span> <span class='ocrx_word' id='word_1_224' title='bbox 857 3833 1079 3895; x_wconf 83' lang='lat' dir='ltr'><strong>tractaverant</strong></span> <span class='ocrx_word' id='word_1_225' title='bbox 1106 3827 1166 3894; x_wconf 79' lang='lat' dir='ltr'><strong>viri</strong></span> <span class='ocrx_word' id='word_1_226' title='bbox 1194 3827 1384 3906; x_wconf 85' lang='lat' dir='ltr'><strong>doctissimi,</strong></span> <span class='ocrx_word' id='word_1_227' title='bbox 1415 3825 1583 3912; x_wconf 76' lang='lat' dir='ltr'><strong>diligenter</strong></span> 
     </span>
     <span class='ocr_line' id='line_1_30' title="bbox 362 3935 1583 4024; baseline -0.002 -22"><span class='ocrx_word' id='word_1_228' title='bbox 362 3937 411 4002; x_wconf 91' lang='lat' dir='ltr'><strong>illi</strong></span> <span class='ocrx_word' id='word_1_229' title='bbox 448 3942 519 4003; x_wconf 90' lang='lat' dir='ltr'><strong>erat</strong></span> <span class='ocrx_word' id='word_1_230' title='bbox 554 3935 889 4023; x_wconf 89' lang='lat' dir='ltr'><strong>circumspiciendum,</strong></span> <span class='ocrx_word' id='word_1_231' title='bbox 927 3943 1103 4024; x_wconf 87' lang='lat' dir='ltr'><strong>possentne</strong></span> <span class='ocrx_word' id='word_1_232' title='bbox 1141 3935 1289 4004; x_wconf 87' lang='lat' dir='ltr'><strong>adhiberi</strong></span> <span class='ocrx_word' id='word_1_233' title='bbox 1324 3935 1468 4004; x_wconf 84' lang='lat' dir='ltr'><strong>recentia</strong></span> <span class='ocrx_word' id='word_1_234' title='bbox 1503 3953 1583 4020; x_wconf 88' lang='lat' dir='ltr'><strong>quae</strong></span> 
     </span>
     <span class='ocr_line' id='line_1_31' title="bbox 365 4039 1582 4129; baseline -0.006 -17"><span class='ocrx_word' id='word_1_235' title='bbox 365 4043 464 4112; x_wconf 89' lang='lat' dir='ltr'><strong>ceteri</strong></span> <span class='ocrx_word' id='word_1_236' title='bbox 487 4044 709 4129; x_wconf 81' lang='lat' dir='ltr'><strong>neglexissent</strong></span> <span class='ocrx_word' id='word_1_237' title='bbox 732 4043 889 4114; x_wconf 89' lang='lat' dir='ltr'><strong>subsidia.</strong></span> <span class='ocrx_word' id='word_1_238' title='bbox 928 4044 997 4113; x_wconf 88' lang='lat' dir='ltr'><strong>Nec</strong></span> <span class='ocrx_word' id='word_1_239' title='bbox 1019 4065 1096 4111; x_wconf 87' lang='lat' dir='ltr'><strong>vero</strong></span> <span class='ocrx_word' id='word_1_240' title='bbox 1120 4044 1204 4110; x_wconf 89' lang='lat' dir='ltr'><strong>hanc</strong></span> <span class='ocrx_word' id='word_1_241' title='bbox 1218 4064 1287 4111; x_wconf 89' lang='lat' dir='ltr'><strong>rem</strong></span> <span class='ocrx_word' id='word_1_242' title='bbox 1310 4044 1441 4110; x_wconf 85' lang='lat' dir='ltr'><strong>curavit.</strong></span> <span class='ocrx_word' id='word_1_243' title='bbox 1480 4039 1582 4119; x_wconf 81' lang='lat' dir='ltr'><strong>Quid?</strong></span> 
     </span>
     <span class='ocr_line' id='line_1_32' title="bbox 364 4150 1582 4238; baseline -0.002 -21"><span class='ocrx_word' id='word_1_244' title='bbox 364 4173 406 4218; x_wconf 91' lang='lat' dir='ltr'><strong>ne</strong></span> <span class='ocrx_word' id='word_1_245' title='bbox 433 4150 714 4218; x_wconf 83' lang='lat' dir='ltr'><strong>vindobonensem</strong></span> <span class='ocrx_word' id='word_1_246' title='bbox 747 4150 877 4238; x_wconf 93' lang='lat' dir='ltr'><strong>quidem</strong></span> <span class='ocrx_word' id='word_1_247' title='bbox 910 4151 1064 4237; x_wconf 90' lang='lat' dir='ltr'><strong>codicem,</strong></span> <span class='ocrx_word' id='word_1_248' title='bbox 1097 4171 1137 4218; x_wconf 84' lang='lat' dir='ltr'><strong>ex</strong></span> <span class='ocrx_word' id='word_1_249' title='bbox 1166 4171 1228 4236; x_wconf 92' lang='lat' dir='ltr'><strong>quo</strong></span> <span class='ocrx_word' id='word_1_250' title='bbox 1262 4151 1401 4218; x_wconf 85' lang='lat' dir='ltr'><strong>selectas</strong></span> <span class='ocrx_word' id='word_1_251' title='bbox 1432 4150 1582 4216; x_wconf 88' lang='lat' dir='ltr'><strong>lectiones</strong></span> 
     </span>
     <span class='ocr_line' id='line_1_33' title="bbox 364 4257 1583 4345; baseline -0.003 -20"><span class='ocrx_word' id='word_1_252' title='bbox 364 4257 504 4326; x_wconf 89' lang='lat' dir='ltr'><strong>loannes</strong></span> <span class='ocrx_word' id='word_1_253' title='bbox 531 4259 670 4326; x_wconf 89' lang='lat' dir='ltr'><strong>Hnemer</strong></span> <span class='ocrx_word' id='word_1_254' title='bbox 693 4260 919 4345; x_wconf 85' lang='lat' dir='ltr'><strong>exscripserat,</strong></span> <span class='ocrx_word' id='word_1_255' title='bbox 947 4258 980 4324; x_wconf 95' lang='lat' dir='ltr'><strong>in</strong></span> <span class='ocrx_word' id='word_1_256' title='bbox 1008 4258 1275 4326; x_wconf 88' lang='lat' dir='ltr'><strong>commentatione</strong></span> <span class='ocrx_word' id='word_1_257' title='bbox 1303 4259 1461 4344; x_wconf 78' lang='lat' dir='ltr'><strong>respexit3</strong></span> <span class='ocrx_word' id='word_1_258' title='bbox 1494 4276 1583 4341; x_wconf 90' lang='lat' dir='ltr'><strong>quem</strong></span> 
     </span>
     <span class='ocr_line' id='line_1_34' title="bbox 366 4363 1581 4452; baseline -0.003 -19"><span class='ocrx_word' id='word_1_259' title='bbox 366 4367 394 4433; x_wconf 91' lang='lat' dir='ltr'><strong>si</strong></span> <span class='ocrx_word' id='word_1_260' title='bbox 418 4365 628 4451; x_wconf 85' lang='lat' dir='ltr'><strong>adhibuisset,</strong></span> <span class='ocrx_word' id='word_1_261' title='bbox 652 4365 728 4450; x_wconf 89' lang='lat' dir='ltr'><strong>quid</strong></span> <span class='ocrx_word' id='word_1_262' title='bbox 753 4365 794 4432; x_wconf 90' lang='lat' dir='ltr'><strong>de</strong></span> <span class='ocrx_word' id='word_1_263' title='bbox 815 4365 1026 4432; x_wconf 91' lang='lat' dir='ltr'><strong>Ottoboniani</strong></span> <span class='ocrx_word' id='word_1_264' title='bbox 1049 4366 1174 4452; x_wconf 89' lang='lat' dir='ltr'><strong>origine</strong></span> <span class='ocrx_word' id='word_1_265' title='bbox 1198 4372 1231 4432; x_wconf 92' lang='lat' dir='ltr'><strong>et</strong></span> <span class='ocrx_word' id='word_1_266' title='bbox 1254 4375 1370 4432; x_wconf 88' lang='lat' dir='ltr'><strong>natura</strong></span> <span class='ocrx_word' id='word_1_267' title='bbox 1394 4363 1581 4433; x_wconf 89' lang='lat' dir='ltr'><strong>censendum</strong></span> 
     </span>
     <span class='ocr_line' id='line_1_35' title="bbox 367 4473 764 4560; baseline 0 -20"><span class='ocrx_word' id='word_1_268' title='bbox 367 4481 462 4559; x_wconf 89' lang='lat' dir='ltr'><strong>esset,</strong></span> <span class='ocrx_word' id='word_1_269' title='bbox 486 4474 630 4540; x_wconf 86' lang='lat' dir='ltr'><strong>invenire</strong></span> <span class='ocrx_word' id='word_1_270' title='bbox 652 4473 764 4560; x_wconf 92' lang='lat' dir='ltr'><strong>potuit</strong></span> 
     </span>
    </p>
   </div>
   <div class='ocr_carea' id='block_1_5' title="bbox 367 4633 1581 4798">
    <p class='ocr_par' dir='ltr' id='par_1_8' title="bbox 367 4633 1581 4798">
     <span class='ocr_line' id='line_1_36' title="bbox 459 4633 1581 4707; baseline 0 -17"><span class='ocrx_word' id='word_1_271' title='bbox 459 4633 480 4702; x_wconf 88' lang='lat'><strong>¹)</strong></span> <span class='ocrx_word' id='word_1_272' title='bbox 498 4635 540 4694; x_wconf 85' lang='lat' dir='ltr'><strong>De</strong></span> <span class='ocrx_word' id='word_1_273' title='bbox 554 4634 648 4691; x_wconf 81' lang='lat' dir='ltr'><strong>Taciti</strong></span> <span class='ocrx_word' id='word_1_274' title='bbox 666 4636 780 4707; x_wconf 88' lang='lat' dir='ltr'><strong>dialogo</strong></span> <span class='ocrx_word' id='word_1_275' title='bbox 799 4634 980 4705; x_wconf 85' lang='lat' dir='ltr'><strong>quaestiones</strong></span> <span class='ocrx_word' id='word_1_276' title='bbox 999 4634 1122 4704; x_wconf 85' lang='lat' dir='ltr'><strong>criticae,</strong></span> <span class='ocrx_word' id='word_1_277' title='bbox 1141 4634 1302 4692; x_wconf 86' lang='lat' dir='ltr'><strong>dissertatio</strong></span> <span class='ocrx_word' id='word_1_278' title='bbox 1321 4633 1504 4706; x_wconf 68' lang='lat' dir='ltr'><strong>inaugurate,</strong></span> <span class='ocrx_word' id='word_1_279' title='bbox 1522 4633 1581 4690; x_wconf 86' lang='lat' dir='ltr'><strong>Gle-</strong></span> 
     </span>
     <span class='ocr_line' id='line_1_37' title="bbox 367 4722 724 4798; baseline -0.006 -20"><span class='ocrx_word' id='word_1_280' title='bbox 367 4722 469 4798; x_wconf 85' lang='lat' dir='ltr'><strong>goviae</strong></span> <span class='ocrx_word' id='word_1_281' title='bbox 488 4725 557 4780; x_wconf 79' lang='lat'>1884</span> <span class='ocrx_word' id='word_1_282' title='bbox 575 4725 673 4798; x_wconf 88' lang='lat' dir='ltr'><strong>(capnt</strong></span> <span class='ocrx_word' id='word_1_283' title='bbox 692 4724 724 4794; x_wconf 87' lang='lat'><strong>1).</strong></span> 
     </span>
    </p>
   </div>
   <div class='ocr_carea' id='block_1_6' title="bbox 0 0 1747 5200">
    <p class='ocr_par' dir='ltr' id='par_1_9' title="bbox 0 0 1747 5200">
     <span class='ocr_line' id='line_1_38' title="bbox 0 0 1747 5200; baseline 0 0"><span class='ocrx_word' id='word_1_284' title='bbox 0 0 1747 5200; x_wconf 95' lang='lat' dir='ltr'><strong> </strong></span> 
     </span>
    </p>
   </div>
  </div>
 </body>
</html>
