3459 5200
614 568 816 666 ΔΞ..

135 774 315 839 asteriscus
344 775 386 839 ab
415 775 611 840 Aristarcho
644 776 698 838 καὶ
725 774 775 840 ἐπὶ
801 771 983 860 ποιημάτων
1011 775 1189 863 μεταβολῆς
1214 779 1247 842 h.
1271 799 1299 843 e.

135 878 168 941 in
192 878 377 944 carminum
400 879 623 944 alternatione
647 879 747 944 etiam
764 883 872 944 metro
889 898 958 943 non
974 885 1102 946 mutato
1117 885 1297 964 usurpatus

135 987 194 1058 est,
207 1002 346 1064 prorsus
360 1003 434 1048 eam
446 982 512 1046 vim
524 983 652 1060 habuit,
665 1002 764 1065 quam
776 982 982 1064 Hephaestio
1001 988 1100 1049 antea
1114 1005 1145 1067 p.
1164 984 1268 1050 XXIX
1280 987 1300 1049 5

134 1085 285 1150 coronidi
320 1086 508 1150 vindicavit.
566 1086 699 1150 Etenim
737 1085 778 1149 de
819 1087 901 1150 solis
942 1087 1146 1152 carminibus
1182 1108 1300 1153 mono·

136 1189 286 1271 strophis
309 1189 362 1270 agi
384 1189 533 1270 arguitur
556 1192 589 1253 et
610 1189 725 1252 Alcaei
748 1189 885 1253 nomine
909 1194 941 1253 et
964 1191 1098 1254 abunde
1125 1193 1299 1258 enuntiato

133 1292 190 1356 illo
213 1289 231 1354 ὃ
253 1291 448 1377 καὶμᾶλλον
471 1291 539 1358 κτλ.

220 1397 264 1464 Ut
287 1386 401 1479 ἀπορία
425 1395 582 1474 solvatur,
606 1414 754 1481 eaquae
778 1395 972 1478 singillatim
996 1398 1243 1464 enucleavimus
1267 1400 1300 1463 in

131 1519 235 1564 unum
259 1498 482 1564 conferamus.
527 1498 752 1562 Gravissimae
782 1502 814 1562 et
844 1498 879 1561 in
901 1499 984 1563 artis
1013 1501 1184 1566 vocabulis
1208 1506 1241 1567 et
1264 1502 1299 1566 in

132 1603 309 1668 sententiis
333 1602 544 1666 intercedunt
567 1601 812 1683 discrepantiae
835 1601 924 1666 inter
946 1603 1094 1685 priorem
1123 1609 1156 1669 et
1184 1610 1298 1687 poste·

131 1707 255 1771 riorem
279 1705 397 1788 capitis
419 1709 559 1787 partem.
605 1704 697 1782 Quae
721 1705 755 1769 in
771 1705 883 1786 priore
906 1707 1202 1788 deprehenduntur
1216 1708 1298 1773 artis

130 1810 296 1875 vocabula
325 1829 399 1874 cum
426 1808 688 1891 Hephaestionis
717 1828 780 1871 11111
808 1813 969 1891 pugnant.
1018 1810 1108 1875 ldem
1141 1812 1229 1875 valet
1257 1811 1298 1876 de

131 1912 334 1994 disponendi
367 1912 512 1992 ratione,
551 1931 626 1976 curn
669 1932 700 1993 p.
733 1911 837 1976 XXIX
873 1912 912 1975 18
934 1948 976 1958 —
997 1913 1142 1977 XXXI3
1175 1914 1299 1996 princi-

129 2021 247 2098 patum
276 2015 324 2080 rei
352 2035 420 2080 non
450 2013 626 2080 obtineant
655 2014 840 2078 carminum
870 2034 1002 2095 genera,
1037 2015 1097 2080 sed
1130 2021 1297 2084 notarum.

130 2118 221 2198 Quid
244 2139 322 2200 ergo
345 2120 418 2184 est‘l
462 2117 668 2200 Hephaestio
691 2117 837 2201 priorem
863 2117 981 2200 capitis
1003 2123 1135 2200 partem
1156 2140 1196 2184 111
1211 2122 1296 2186 alius

130 2223 307 2306 scriptoris
340 2223 454 2286 libello
488 2242 584 2286 suum
618 2223 653 2286 in
686 2241 784 2286 usum
818 2221 992 2286 1011111111.
1037 2223 1227 2303 Inculcavit,
1260 2229 1296 2289 111

130 2347 229 2391 suum
254 2325 454 2408 disponendi
478 2345 606 2390 morem
629 2325 834 2402 observaret,
856 2343 975 2406 parum
1003 2325 1113 2407 lepide
1143 2327 1297 2392 enuntia-

129 2435 201 2494 tum
225 2425 440 2513 austoricensi
463 2423 669 2514 παροίγροιφος
691 2464 733 2474 -
756 2419 897 2511 ἀνόμοιοι,
920 2428 1062 2492 inseruit
1083 2450 1115 2511 p.
1138 2431 1242 2496 XXIX
1265 2433 1295 2509 6,

127 2555 172 2599 ne
208 2533 283 2617 quis
318 2533 359 2599 de
389 2531 592 2598 carminibus
621 2528 704 2594 κατὰ
730 2528 904 2615 περικοπὴν
930 2528 1181 2617 ἀνομοιομερὲοιν
1205 2535 1295 2617 cogi-

126 2642 227 2715 taret,
249 2638 353 2703 verba
375 2634 455 2701 ὥστε
478 2636 553 2700 εἰναι
577 2672 617 2683 -
640 2633 769 2719 ἐπῳδόν,
793 2635 923 2699 addidit
945 2635 980 2699 in
994 2636 1061 2700 fine
1076 2638 1239 2702 nonnulla
1255 2638 1296 2702 de

126 2740 284 2806 asterisci
307 2760 369 2805 usu
392 2740 475 2821 ipsis
496 2743 682 2823 poetarum,
703 2739 818 2803 Alcaei
838 2739 1064 2820 potissimum,
1094 2740 1297 2806 editionibus

129 2845 304 2927 inspectis,
350 2844 545 2925 Exscriptos
570 2863 644 2907 esse
668 2842 709 2905 ab
733 2842 984 2923 Hephaestione
999 2844 1172 2908 Heliodori
1189 2844 1294 2909 libros

128 2950 207 3015 ideo
237 2948 374 3031 probari
402 2946 526 3029 nequit,
555 2946 633 3029 quia
654 2945 856 3010 Heliodorus
884 2946 919 3009 in
947 2947 1143 3011 colometria
1169 2948 1297 3012 Aristo-

126 3054 265 3135 phanea
299 3051 496 3133 saepissime
536 3049 685 3114 carmina
722 3049 802 3113 dicit
841 3045 1083 3133 μονοστροφικοὶ,
1118 3070 1193 3115 cum
1230 3052 1296 3115 He·

126 3154 341 3239 phaestionis
364 3153 492 3220 auctori
515 3154 551 3218 in
573 3173 637 3217 usu
664 3152 788 3217 luerint
809 3153 958 3217 carmina
980 3148 1185 3237 μονόοτροφοι.
1231 3155 1295 3219 Oc-

125 3258 233 3323 currit
255 3258 373 3323 eadem
396 3256 514 3335 forma,
548 3256 576 3321 si
610 3276 630 3320 a
657 3255 826 3321 Demetrio
850 3256 1030 3335 Triclinio,
1064 3258 1119 3339 qui
1153 3261 1293 3340 utraque

127 3366 239 3447 forma
260 3361 450 3443 promiscue
472 3381 553 3425 usus
578 3364 639 3437 est,
662 3358 851 3439 recesseris,
874 3361 964 3442 apud
979 3360 1135 3425 Caesium
1151 3360 1292 3425 Bassum

125 3467 162 3530 in
193 3465 246 3529 GL
280 3463 321 3527 VI
353 3484 385 3545 p.
420 3464 492 3541 166,
526 3464 576 3541 16,
612 3462 700 3544 apud
732 3462 871 3527 Atilium
903 3464 1181 3529 Fortunatianum
1214 3463 1293 3530 ibid.

123 3592 158 3653 p.
185 3568 257 3647 194,
280 3568 332 3645 14,
366 3567 454 3649 apud
487 3566 566 3631 Mar.
600 3566 807 3632 Victorinum
840 3566 920 3631 ibid.
954 3588 986 3649 p.
1015 3567 1119 3645 511,
1154 3586 1295 3649 quorum

124 3671 363 3737 enarrationes
393 3690 458 3753 qua
487 3670 723 3734 contineantur
755 3671 955 3752 cognatione
995 3670 1083 3735 inira
1117 3690 1294 3752 exponam.

124 3773 269 3840 Accedit
281 3772 459 3854 explicatio
477 3772 550 3837 sine
564 3772 699 3837 nomine
720 3773 854 3855 scripta,
871 3794 970 3856 quam
987 3773 1169 3837 novissime
1191 3772 1294 3837 edidit

123 3878 244 3943 Nauck
271 3881 349 3959 post
376 3876 523 3941 Lexicon
554 3875 1009 3959 111101011111μ.311,4
1036 3897 1085 3958 sq.
1130 3876 1295 3941 Omnibus

123 3981 195 4046 illis
225 3975 528 4065 10111μονόστροφοι
556 3983 791 4061 nuncupantur
819 3980 892 4043 sola
914 3980 1064 4044 carmina
1088 3979 1199 4061 lyrica.
1243 3979 1295 4043 Ad

124 4084 219 4149 idem
245 4083 429 4147 carminum
446 4102 551 4165 genus
570 4082 719 4147 revocari
741 4082 893 4147 videmur
915 4082 1085 4152 locutione¹
1105 4080 1188 4145 κατὰ
1209 4100 1294 4165 περι-

121 4181 241 4270 acaria.
277 4186 360 4250 Nam
376 4187 404 4251 is
427 4190 526 4263 certe,
550 4186 605 4268 qui
627 4184 874 4249 1111111111τά
894 4184 1067 4269 περικοπὴν
1086 4180 1293 4268 ἀνομοιομερῆ

122 4288 289 4371 respexit,
312 4308 380 4352 non
402 4288 511 4370 potuit
533 4287 579 4353 111
601 4292 636 4353 ut
659 4288 783 4353 lactum
812 4292 863 4353 est
890 4288 991 4353 verba
1017 4288 1127 4351 lacere
1155 4287 1196 4351 de
1223 4306 1295 4351 car·

122 4394 277 4459 minibus
293 4390 376 4455 κατά
389 4387 572 4475 περικοπήν.
603 4392 725 4456 Omnia
741 4392 823 4456 haec
839 4392 994 4456 videntur
1009 4410 1072 4454 nos
1089 4390 1236 4471 relegare
1252 4391 1296 4455 ad

119 4502 249 4581 poetae
265 4495 415 4574 alicuius,
438 4495 528 4559 haud
552 4494 621 4559 scio
645 4514 688 4559 an
704 4495 851 4575 Pindari,
875 4495 1071 4570 editionem;
1095 4493 1155 4557 sed
1176 4493 1295 4557 eodem

122 4600 284 4666 ducimur
308 4598 408 4665 etiam
431 4599 498 4663 alia
519 4597 581 4662 via.
624 4599 810 4681 Praecepta
831 4599 980 4663 hominis
1001 4598 1089 4662 illius
1109 4616 1178 4662 non
1192 4616 1294 4678 posse
