3459 5200
729 415 750 481 5

629 507 841 518 ³⁸-—

136 609 272 688 tionihus,
298 629 379 694 quas
404 611 538 688 Seneca,
563 610 767 678 testificando
787 631 884 696 quam
903 611 1040 678 honesta
1058 613 1271 700 praeciperet,
1293 615 1346 681 vel

134 716 266 782 iactandi
289 717 420 802 ingenii,
444 737 524 784 voce
547 717 704 803 principis
726 719 893 802 vulgabat.
1016 793 1019 798 ,

212 825 292 892 nnn.
320 825 380 890 XV
409 827 462 894 23.
490 829 544 891 17:
578 832 722 891 secutam
754 824 871 891 dehinc
902 846 1015 893 vocem
1047 826 1199 893 Caesaris
1231 826 1345 906 ierunt,

132 952 190 1014 qua
211 931 451 997 reconciliatum
469 952 505 998 se
519 931 687 999 Thraseae
710 930 797 1018 apud
823 931 981 999 Senecam
994 933 1174 1018 iactaverit,
1193 953 1233 999 ac
1249 934 1346 1000 Sene-

131 1059 195 1103 cam
219 1037 352 1104 Caesari
376 1038 586 1122 gratulatum:
620 1037 706 1105 unde
736 1039 841 1123 gloria
875 1038 1015 1123 egregiis
1043 1039 1123 1105 viris
1147 1047 1179 1105 et
1201 1040 1347 1125 pericula

128 1145 311 1228 gliscebant.

209 1253 290 1318 Arne
313 1253 376 1318 XV
399 1255 452 1320 65.
480 1257 512 1319 1:
541 1253 645 1319 Fama
668 1252 729 1318 suit
752 1251 903 1318 Subrium
925 1252 1062 1318 Flavum
1089 1273 1161 1319 cum
1189 1254 1346 1319 centurio-

126 1359 214 1425 nibus
228 1357 355 1425 ocoulto
375 1358 519 1444 consilio,
534 1380 639 1444 neque
654 1366 762 1426 tamen
777 1359 948 1442 ignorante
964 1359 1097 1438 Seneca,
1118 1359 1345 1446 destinavisse,

126 1473 158 1530 ut
188 1473 261 1551 post
293 1467 434 1532 occisum
467 1487 566 1551 opera
593 1467 722 1533 Pisonis
745 1467 906 1534 Neronem
929 1467 1006 1532 Piso
1034 1487 1162 1550 quoque
1188 1465 1346 1535 interlice-

124 1579 205 1639 rctur
218 1572 464 1657 tradereturque
478 1573 645 1658 imperium
660 1573 813 1658 Senecae,
837 1574 931 1657 quasi
951 1573 1132 1640 insontibus
1152 1573 1345 1641 claritudine
1428 1653 1431 1658 ¹

123 1680 270 1746 virtutum
295 1677 339 1744 ad
363 1699 519 1746 summum
542 1679 709 1764 fastigium
731 1678 869 1748 delecto.

205 1787 299 1854 Adeo
323 1794 432 1852 autem
455 1787 589 1854 Tacitus
613 1786 720 1852 studio
744 1787 890 1853 Senecae
913 1787 1066 1853 librorum
1090 1807 1163 1853 sese
1183 1786 1286 1873 dedit,
1305 1794 1342 1853 ut

123 1915 181 1959 non
205 1893 310 1961 solum
333 1892 583 1979 philosophiam,
608 1895 838 1960 verumetiam
862 1914 1043 1960 sermonem
1070 1915 1163 1960 suum
1190 1894 1235 1960 ad
1256 1894 1344 1961 illius

124 2001 264 2086 speciem
280 2007 378 2084 atque
393 2000 559 2086 exemplar
576 2001 738 2069 formaret.
778 2002 883 2086 Atque
902 1991 938 2066 ut
957 2002 1041 2068 inter
1056 2000 1268 2086 philosophos
1291 2022 1344 2068 ex·

121 2107 237 2193 pressit
251 2108 417 2192 Senecam,
441 2107 487 2172 ite
510 2108 593 2173 inter
615 2107 787 2174 historicos
806 2110 948 2174 maxime
967 2107 1198 2187 Sallustium¹)‚
1221 2108 1343 2176 minore

121 2235 159 2279 ex
188 2221 284 2300 parte
316 2214 485 2299 Livium²l,
518 2215 569 2280 eui
602 2214 735 2280 dictioni
767 2213 919 2282 flosculos
951 2215 1110 2300 quosdam
1142 2215 1297 2282 orationis
1325 2235 1344 2282 e

121 2321 255 2406 Vergilii
266 2320 293 2408 ³)
327 2321 478 2406 operibus
510 2320 644 2387 haustos
677 2321 822 2388 inseruit.
877 2323 962 2387 Tota
993 2322 1091 2407 igitur
1121 2323 1269 2406 quaestio
1302 2321 1344 2388 de

119 2429 233 2494 Tacito
267 2428 414 2495 Senecae
450 2428 635 2514 philosophi
666 2429 828 2494 imitatore
865 2430 898 2493 in
932 2429 1015 2495 duas
1047 2428 1187 2496 discedit
1216 2436 1343 2514 partes:

117 2535 223 2621 priore
241 2542 335 2622 parte
350 2534 579 2621 quaerendum,
603 2534 763 2621 quomodo
785 2536 920 2602 Tacitus
940 2536 1086 2603 Senecae
1103 2535 1344 2622 philosophiam

117 2644 149 2708 in
181 2664 275 2710 usum
308 2664 401 2711 suum
434 2645 626 2710 converterit
657 2644 791 2727 eiusque
823 2650 999 2729 praecepta
1030 2643 1256 2729 philosophiae
1289 2664 1343 2711 ex·

116 2752 288 2835 presserit;
308 2751 412 2818 altera
427 2758 527 2836 parte,
548 2751 663 2834 quibus
682 2750 763 2817 locis
780 2750 925 2818 Senecae
944 2749 1117 2818 dictionem
1133 2750 1276 2817 imitatus
1291 2751 1342 2817 sit.

208 2964 228 3031 ¹)
247 2964 318 3020 conf.
338 2965 370 3021 G.
388 2964 563 3021 Schoenleld:
584 2965 623 3021 De
642 2964 733 3020 'faciti
751 2964 851 3019 studiis
869 2963 1059 3029 Sallustianim
1078 2964 1188 3033 Lipsiae
1207 2963 1284 3019 1884.

206 3052 228 3122 ¹)
248 3054 318 3109 conf.
338 3054 411 3109 Guil.
432 3054 566 3109 Heraens:
585 3052 731 3109 Vindiciae
749 3053 883 3109 Livianae
900 3056 971 3123 part.
990 3054 1012 3107 1.
1031 3070 1122 3123 progr.
1140 3070 1235 3123 gymn.
1251 3052 1341 3107 Hane

112 3143 215 3197 riensis
237 3143 315 3207 1889,
334 3161 361 3213 p.
380 3142 397 3197 3
415 3160 474 3211 sqq.

205 3230 231 3301 ⁸)
251 3232 321 3288 conl.
341 3232 374 3286 Η.
393 3232 538 3286 Schmaus:
561 3230 675 3286 Tacitus
698 3231 743 3287 ein
762 3230 939 3286 Naohahmsr
957 3230 1079 3301 Vergila;
1107 3231 1245 3301 Bamberg
1265 3230 1342 3285 1887.
