3459 5200
996 577 1038 640 16

437 807 510 850 sum
533 804 658 850 nomen
679 780 899 870 συσιηματικά
922 784 1052 849 addidit
1075 783 1176 848 simili
1205 784 1336 849 ratione
1359 785 1478 851 ductus
1502 789 1598 868 atque

433 911 463 972 p.
477 889 592 954 XXVII
606 889 625 951 q
638 908 687 970 sq.
707 888 748 951 ad
761 887 799 950 τά
815 885 870 972 μέν
886 889 1040 953 adiunxit
1055 887 1254 952 vocabulum
1277 887 1416 973 ἐφόμνια,
1440 889 1482 953 ad
1505 888 1544 952 τά
1567 886 1598 950 δέ

433 993 630 1057 vocabulum
649 987 910 1075 ἐπιρθεγματικά.
933 992 1023 1056 Idem
1037 991 1206 1074 quomodo
1217 996 1278 1057 τῶν
1290 992 1442 1076 μετρικῶν
1458 988 1598 1056 ἀτάκτων

437 1095 699 1178 descriptionem
723 1094 909 1176 corruperit
936 1095 1099 1159 illustravi
1122 1115 1154 1176 p.
1177 1095 1220 1159 m
1235 1115 1284 1176 sq.
1330 1095 1599 1160 Emendarerunt

350 1257 352 1261 .
434 1199 539 1280 ipsius
569 1197 776 1280 grammatici
806 1199 910 1262 verba
936 1219 1056 1281 parum
1086 1198 1253 1262 subtiliter
1280 1198 1461 1263 scribentis
1489 1199 1599 1263 West-

433 1302 581 1385 phalius,
612 1321 686 1366 curn
716 1323 746 1383 p.
776 1301 846 1365 XIII
874 1302 894 1364 6
938 1301 992 1366 τοῦ
1015 1298 1109 1365 αὐτοῦ
1144 1305 1177 1366 et
1209 1307 1264 1384 τῆς
1298 1300 1393 1386 αὐτῆς
1427 1303 1598 1381 insereret,

437 1427 520 1490 quae
550 1425 656 1488 neque
688 1407 830 1470 Tzetzae
860 1425 969 1488 neque
999 1406 1191 1470 sclroliastis
1220 1409 1300 1470 nota
1329 1411 1417 1484 sunt,
1444 1407 1599 1481 Hensius,

436 1531 511 1575 eum
533 1530 565 1592 p.
587 1509 718 1574 XXVIII
742 1510 761 1572 5
785 1512 863 1573 ante
886 1507 1057 1594 κομμάτιον
1080 1509 1250 1591 suppleret
1272 1511 1327 1571 καὶ
1341 1509 1463 1593 πρῶτον
1484 1510 1541 1593 μὲν
1557 1505 1598 1571 τό.

435 1636 467 1696 p.
490 1613 563 1677 XXI
578 1615 591 1675 1
614 1613 813 1676 vocabulum
833 1610 1024 1698 συστήμασιν
1035 1633 1096 1696 pro
1110 1612 1220 1676 εἴδεσιν
1230 1613 1273 1676 ab
1287 1617 1484 1695 excerptore
1498 1614 1602 1694 scrip-

417 1722 503 1782 ‘tum
516 1736 590 1780 esse
603 1718 692 1779 reete
707 1716 790 1779 mihi
805 1714 937 1780 videtur
948 1716 1094 1780 Hensius
1108 1716 1310 1798 coniecisse3
1339 1736 1447 1799 neque
1463 1716 1600 1780 dubium

434 1825 494 1898 est,
524 1821 604 1904 quin
633 1820 674 1884 ab
709 1819 826 1884 eodem
856 1820 1038 1883 nonnullae
1067 1819 1258 1883 huiusmodi
1292 1819 1480 1883 locutiones
1512 1818 1601 1882 velut

432 1945 463 2004 p.
493 1923 535 1987 XI
567 1925 602 1986 11
634 1923 704 2005 περὶ
731 1921 773 1986 τόν
785 1921 923 2007 ἐροῦμεν,
952 1942 983 2004 p.
1007 1922 1112 1986 Vllld
1133 1918 1174 1998 ὥς
1195 1918 1353 2005 προιόντες
1374 1918 1514 2005 δείξομεν
1542 1921 1599 1984 ad-

432 2026 521 2091 ditae
534 2026 610 2090 sint.
656 2025 745 2089 ldem
767 2025 898 2090 videtur
911 2027 1140 2090 conformasse
1156 2025 1366 2089 enuntiatum
1388 2044 1420 2106 p.
1444 2023 1474 2087 X
1489 2025 1511 2087 8
1527 2043 1599 2106 sqq.

436 2127 639 2214 Δεδειγμὲνου
662 2128 697 2192 δὲ
718 2125 791 2212 ἡμῖν
813 2127 841 2191 τί
862 2127 896 2192 τὲ
919 2128 982 2192 ἐστι
1004 2128 1109 2213 στίχος
1131 2129 1184 2191 καὶ
1206 2128 1235 2191 τό
1248 2125 1357 2213 κόμμα
1371 2128 1426 2190 καὶ
1448 2127 1476 2191 τί
1497 2127 1601 2190 κῶλον

435 2234 490 2296 καὶ
512 2233 540 2297 τί
556 2229 708 2317 σύστημα,
732 2233 767 2295 in
790 2252 855 2314 quo
879 2231 982 2294 κῶλον
1004 2237 1082 2296 ante
1110 2227 1217 2316 κόμμα
1247 2232 1414 2295 collocare
1443 2231 1600 2312 debuit.¹)

433 2338 500 2403 Sed
529 2336 629 2400 etiam
658 2335 693 2398 in
716 2355 837 2416 genere
866 2334 999 2398 dicendi
1023 2335 1185 2400 nonnulla
1208 2335 1356 2413 mutarit,
1385 2335 1449 2398 etsi
1478 2335 1513 2399 in
1537 2335 1600 2398 hac

434 2462 468 2504 re
504 2444 663 2525 quantum
699 2438 833 2520 ingenio
863 2459 924 2503 suo
954 2439 1130 2503 indulserit
1159 2458 1228 2502 non
1261 2440 1328 2503 iam
1363 2438 1406 2503 ad
1434 2438 1597 2503 amussim

433 2545 498 2609 dici
531 2547 653 2627 potest.
710 2541 806 2607 Velut
840 2542 875 2607 in
910 2541 1095 2607 enchiridio
1129 2542 1281 2625 quamvis
1318 2542 1485 2626 permulta
1520 2561 1600 2625 pro·

436 2650 585 2713 terantur
606 2646 757 2728 exempla
781 2646 821 2711 iis
844 2666 952 2729 neque
965 2647 1068 2711 verba
1082 2642 1233 2730 καθάπερ
1247 2646 1293 2727 (p.
1310 2646 1396 2710 XVII
1416 2647 1452 2721 93
1474 2646 1550 2710 XXI
1566 2648 1599 2728 3)

431 2757 488 2816 aut
509 2746 604 2834 λόγου
632 2746 723 2834 χάριν
751 2749 795 2831 (p.
825 2749 885 2813 XX
914 2751 967 2825 11;
996 2750 1098 2816 XXIV
1123 2752 1174 2833 10)
1196 2750 1456 2833 praemittuntur
1486 2770 1596 2833 neque

432 2856 485 2917 καὶ
507 2852 545 2917 τά
568 2852 639 2937 ἑξῆς
660 2854 704 2935 (p.
727 2852 799 2917 XIV
824 2854 876 2930 lm
904 2853 979 2917 XXI
1007 2856 1040 2937 d)
1070 2853 1323 2935 subiunguntur.
1367 2855 1403 2918 In
1426 2873 1600 2918 commen·

434 2959 520 3022 torio
536 2978 568 3039 p.
584 2957 655 3021 XIV
673 2955 689 3023 l
706 2956 824 3037 legitur
847 2952 888 3032 ὡς
910 2956 942 3020 ἐν
963 2956 1006 3041 τῷ
1028 2949 1099 3041 παρ’
1120 2954 1254 3041 Ἀλκαίῳ
1277 2956 1400 3042 ᾄσματι,
1421 2976 1453 3038 p.
1474 2956 1598 3021 XXVI

432 3059 496 3125 οἶόν
530 3061 593 3124 ἐστι
620 3058 655 3124 τό
683 3057 770 3143 παρὰ
802 3058 942 3143 Σαπφοῖ;
976 3060 1181 3143 Hephaestio
1217 3060 1334 3125 maluit
1371 3060 1483 3124 dicere
1510 3059 1599 3143 παρὰ

433 3162 591 3248 Πραξίλλῃ
616 3164 648 3227 ἐν
670 3158 874 3248 διθυράμβοις
904 3163 949 3245 (p.
975 3165 1023 3242 11,
1060 3164 1098 3227 16
1121 3162 1186 3246 W.)
1214 3168 1272 3228 aut
1300 3157 1363 3227 οἶόν
1391 3162 1454 3226 ἐστι
1483 3156 1597 3225 καὶτὸ

432 3263 640 3352 Καλλιμάχου
670 3266 714 3349 (p.
742 3268 793 3346 m,
825 3268 838 3330 1
872 3266 937 3349 W.)
964 3268 1015 3331 rel
1045 3266 1154 3331 simile
1183 3267 1272 3349 quid.
1316 3265 1469 3330 Indidem
1491 3266 1598 3347 expli·
1693 3287 1694 3316 ι

432 3371 586 3449 caverim,
616 3371 704 3453 quod
731 3370 765 3433 in
795 3370 1036 3434 commentario
1066 3375 1100 3434 et
1132 3371 1270 3436 verbum
1299 3368 1406 3433 καλεῖν
1434 3369 1491 3450 (υ1.
1514 3390 1597 3450 eg.
1693 3419 1694 3430 .

430 3496 463 3557 p.
487 3475 542 3539 Vll
567 3474 617 3557 10)
642 3479 675 3537 et
696 3468 938 3558 προσαγορεύειν
960 3473 1005 3555 (p.
1027 3473 1071 3537 IX
1093 3475 1128 3550 3;
1150 3474 1279 3537 XXVIII
1301 3474 1334 3556 9)
1364 3473 1398 3535 in
1420 3492 1484 3537 usu
1507 3478 1597 3550 sunt,
1693 3485 1694 3496 ¹

432 3598 507 3643 cum
531 3578 565 3642 in
589 3576 774 3642 enchIridio
799 3577 908 3641 solum
931 3577 1068 3641 verbum
1091 3574 1199 3640 καλεῖν
1221 3575 1353 3639 circiter
1376 3575 1596 3659 quinquagies
1693 3567 1694 3610 3

432 3682 569 3764 legatur.
614 3681 696 3746 Illud
728 3700 858 3763 quoque
889 3701 929 3745 ex
952 3680 1159 3762 grammatici
1190 3679 1277 3743 illius
1307 3679 1517 3761 neglegentia
1538 3700 1597 3743 ex-

429 3785 621 3867 pediverim‚
645 3784 734 3868 quod
763 3805 794 3867 p.
818 3784 891 3849 XIII
912 3785 934 3849 4
957 3784 1117 3866 scriptum
1141 3786 1192 3847 est
1224 3780 1240 3845 ό
1263 3780 1423 3867 Μαργίτης
1442 3779 1597 3869 Ὁμήρου,

429 3910 503 3954 cum
527 3890 560 3952 in
584 3888 826 3953 commentario
849 3890 861 3952 l
887 3909 920 3970 p.
943 3888 984 3951 IV
1010 3888 1048 3950 16
1072 3886 1152 3950 insit
1174 3883 1190 3949 ό
1213 3884 1374 3970 Μαργίτης
1393 3882 1410 3947 ό
1433 3886 1476 3962 εἰς
1489 3884 1594 3971 Ὅμη-
1693 3947 1694 3958 ,

430 4012 483 4075 ραν
506 3988 776 4076 άναρερόμενοςά)
821 3989 913 4054 ldem
935 3990 1068 4054 titulum
1087 3986 1311 4073 Ἡφαιστίωνος
1325 3990 1395 4073 περὶ
1414 3984 1598 4073 ποιημάτων
1693 3987 1694 4028 l

432 4095 543 4163 libello
571 4095 733 4177 praefixit,
763 4094 826 4159 etsi
855 4094 1061 4177 Hephaestio
1095 4094 1168 4157 sine
1197 4092 1298 4156 dubio
1327 4092 1397 4175 περὶ
1426 4090 1599 4176 ποιήματος
1693 4171 1694 4184 μ

429 4221 630 4229 ..-—-——.—

520 4287 539 4356 Ι)
559 4288 635 4341 Idem
663 4286 841 4354 neglegenter
868 4302 894 4353 p.
921 4286 1042 4339 IIVIII3
1070 4283 1214 4351 reprobent
1240 4289 1305 4337 ante
1328 4282 1491 4349 παλινῳδικεὶ
1514 4284 1601 4337 εοΙΙο·

430 4375 510 4429 cavit.

516 4460 537 4529 ²)
568 4460 608 4513 Ex
638 4461 758 4515 metricis
787 4459 888 4523 latinis,
920 4476 1037 4527 quorum
1069 4459 1221 4527 prIncipem
1251 4462 1392 4511 auctorem
1419 4458 1598 4511 Heliodorum

430 4564 539 4601 sumere
566 4550 767 4610 consuet-lmus,
795 4566 877 4601 nemo
907 4564 968 4599 cum
997 4548 1087 4615 priore
1115 4546 1313 4599 commentario
1340 4546 1417 4604 lacit:
1446 4546 1479 4598 cl.
1499 4545 1542 4598 GL
1563 4545 1599 4598 VI
1693 4547 1694 4596 ζ

431 4654 456 4702 ρ.
475 4636 517 4697 68,
539 4636 570 4687 ll
589 4655 649 4706 sqq.
670 4640 711 4699 79,
732 4638 776 4698 lm
798 4638 855 4698 133,
874 4637 921 4696 31;
940 4637 999 4698 ⁹286,
1018 4636 1047 4697 3;
1067 4636 1126 4697 633,
1140 4636 1186 4697 38;
1199 4634 1296 4695 6316.
1693 4637 1694 4644 ’
