3459 5200
688 416 730 480 33

111 608 231 694 perium,
263 609 359 675 etiarn
392 629 463 674 cum
493 609 630 674 amioum
659 609 862 695 imperatoris
887 615 1010 693 ageret.
1044 609 1198 674 babltune
1222 616 1255 676 et
1278 611 1323 676 iu-

110 735 194 782 ccssu
213 737 254 781 au
273 715 328 780 illo
346 715 495 782 muliebri
515 723 628 782 ornatu
647 724 822 784 mereretur
836 717 1025 802 imperium?
1043 719 1203 800 fallantur·
1216 721 1325 801 cadas

108 826 224 888 losada
246 826 343 908 specie
364 826 552 892 liberalitatis
566 825 731 908 inpertit¹lz
751 827 884 910 perdere
900 828 957 889 iste
974 827 1056 904 sciet,
1072 825 1192 889 donare
1204 829 1326 893 aeneid.

108 931 194 1010 (Anu.
209 930 269 996 XV
282 933 336 997 48.
353 935 388 996 4:
412 930 441 996 is
466 935 523 1010 (so.
539 930 573 998 O.
589 929 679 1018 Piso)
705 931 880 1016 Calpurnio
900 951 1019 1015 genere
1038 937 1129 997 ortus
1148 951 1188 996 ao
1207 933 1325 998 multas

107 1036 307 1120 insignesque
339 1036 480 1103 familias
512 1043 650 1122 paterna
685 1038 856 1104 nobilitate
888 1038 1085 1123 complexus,
1118 1037 1205 1103 claro
1236 1037 1325 1124 apud

106 1142 227 1226 volgum
258 1163 386 1210 mmore
418 1149 488 1210 erat
515 1167 575 1229 per
606 1148 746 1210 uirtutem
778 1154 831 1210 oct
863 1149 978 1229 specics
1009 1146 1170 1210 virtutibus
1198 1147 1324 1212 eiroitea.

106 1250 180 1318 Hist.
203 1251 219 1314 1
242 1253 296 1318 52.
312 1254 348 1319 6:
373 1271 433 1316 nec
457 1251 637 1318 consularis
660 1251 761 1335 legati
783 1271 944 1336 mensura,
968 1251 1028 1318 sed
1050 1251 1084 1316 in
1098 1251 1203 1317 maius
1217 1252 1326 1316 omnia

105 1358 351 1444 accipiebantur.
377 1365 410 1425 et
429 1364 464 1423 ut
479 1358 628 1426 Vitellius
643 1358 731 1444 apud
751 1379 882 1425 severos
905 1359 1044 1445 humilis,
1069 1359 1117 1424 ita
1140 1359 1324 1424 comitatem

104 1465 338 1549 bonitatemque
360 1463 509 1532 faventes
532 1467 702 1551 vocabant,
726 1465 902 1550 quodcirca
925 1468 1024 1547 ruodo,
1048 1469 1115 1530 ciac
1137 1468 1250 1531 tunimo
1273 1468 1324 1531 do-

104 1581 185 1636 uorct
207 1595 274 1654 arc,
301 1575 465 1656 acciretur
487 1575 604 1657 alieno,
629 1573 723 1640 simul
747 1572 906 1639 aviditate
929 1573 1043 1659 imperi
1058 1571 1158 1637 dandi
1172 1576 1325 1658 assaoitc'o

98 1700 153 1762 pro
175 1683 338 1746 virtutibus
359 1683 662 1765 interpretabantur.)

177 1803 209 1871 S.
225 1805 287 1890 Ep.
307 1807 405 1872 120.8
417 1825 478 1889 sq.:
508 1805 599 1870 Haec
613 1811 645 1871 et
661 1803 819 1872 eiusmodi
835 1805 923 1870 faeta
933 1803 1107 1888 imaginem
1116 1805 1209 1870 riobis
1218 1811 1323 1870 osten-

102 1909 173 1976 dere
196 1915 328 1977 nictatio.
353 1910 502 1996 adiciam,
526 1911 613 1995 quod
635 1912 749 1976 mirum
768 1911 909 1978 fortasse
929 1911 1094 1977 videatur:
1116 1912 1205 1976 mala
1227 1911 1324 1978 inter·

103 2017 172 2084 dum
195 2022 326 2104 speciem
348 2021 466 2085 bonesti
488 2018 633 2084 obtulere
657 2025 689 2084 et
712 2019 868 2104 optimum
890 2039 931 2084 ex
949 2019 1109 2084 contrario
1126 2019 1229 2086 nituit.
1251 2026 1325 2084 sunt

103 2126 191 2211 enim,
213 2133 250 2190 ut
275 2126 349 2210 scis,
376 2129 538 2194 virtutibus
562 2129 634 2191 citio
658 2125 807 2204 confinia,
833 2133 865 2191 ct
887 2124 1024 2211 perditis
1048 2145 1176 2209 quoque
1198 2145 1238 2191 ac
1260 2134 1324 2190 tur-

102 2233 191 2316 pibus
214 2233 297 2299 reati
325 2235 491 2298 similitudo
520 2241 579 2300 est.
621 2236 666 2298 ec'c
697 2237 843 2298 mentita-r
869 2235 1031 2318 prodigam.
1052 2234 1222 2314 liberatem,
1255 2254 1324 2298 carn

97 2343 265 2424 plurumum
288 2343 417 2422 detersit,
441 2349 547 2404 atram
569 2344 636 2424 quis
659 2343 735 2406 dure
757 2344 834 2405 sciat
860 2362 903 2404 aa
929 2362 1054 2404 sanare
1074 2342 1199 2405 moriat.
1227 2342 1323 2420 rnalti,

101 2447 234 2532 inquam,
259 2456 340 2525 urrrt,
364 2447 479 2526 Lucili,
504 2450 555 2531 qai
576 2469 639 2514 aaa
662 2449 786 2528 darant,
810 2449 864 2511 ced
881 2449 1053 2532 proiciunt:
1077 2466 1140 2511 nou
1160 2466 1239 2512 voco
1261 2466 1323 2529 ego

101 2552 263 2621 liberalem
287 2555 445 2640 pecuniae
469 2573 548 2621 suae
571 2553 697 2621 iratum.
722 2553 864 2619 imitatur
887 2552 1096 2637 neglegentia
1124 2551 1323 2639 facilitatem,

100 2662 263 2728 temeritas
286 2659 515 2729 fortitudinem.
562 2660 644 2727 baec
672 2680 732 2727 nos
759 2663 927 2727 cirailc'tado
955 2661 1064 2744 coegit
1092 2659 1269 2727 adtendere
1292 2669 1325 2727 et

101 2767 296 2852 distinguere
328 2771 426 2852 specio
458 2766 588 2851 quidem
615 2767 738 2847 vicina,
772 2788 807 2834 re
839 2774 948 2834 autem
980 2767 1149 2853 plurimum
1177 2767 1261 2834 iuter
1288 2788 1323 2833 se

100 2874 300 2942 dissidentia.
325 2873 365 2941 de
382 2874 451 2940 vita
471 2876 569 2941 beata
583 2874 693 2939 XXIV
711 2880 743 2943 l:
767 2876 872 2960 Errat,
887 2875 914 2941 si
930 2875 1003 2958 quis
1017 2875 1180 2941 existimat
1195 2875 1322 2941 facilem

100 3002 161 3047 rem
185 3002 261 3049 esse
284 2984 415 3047 dooere:
437 2980 608 3066 plurimum
631 2982 695 3048 ista
718 3002 770 3047 ros
794 2981 894 3047 habet
920 2979 1140 3066 difficultatis,
1168 2982 1196 3048 si
1224 2981 1322 3047 modo

99 3092 219 3155 consilio
245 3090 398 3168 tribuitur,
423 3108 487 3153 non
510 3112 584 3154 cosa
607 3097 635 3153 et
657 3092 769 3174 impeta
791 3092 956 3173 spargitur.
1008 3089 1068 3175 Ep.
1095 3092 1148 3155 45.
1164 3092 1199 3155 7:
1236 3088 1322 3155 Adu—
1350 3088 1354 3095 ’

99 3193 172 3260 latio
197 3216 294 3280 quam
318 3198 426 3259 struitis
450 3202 500 3261 est
523 3196 701 3263 amicitiae!
726 3215 788 3260 nou
813 3195 956 3261 imitatur
978 3201 1102 3260 tantum
1130 3194 1233 3281 illam,
1264 3197 1322 3263 sed

99 3304 194 3369 vincit
218 3305 253 3369 ‘ct
275 3302 439 3388 praeterit.
473 3302 596 3387 apertis
625 3322 665 3367 ac
691 3303 842 3388 propitiis
875 3303 1007 3369 auribus
1039 3302 1194 3389 recipitur
1225 3309 1258 3369 et
1289 3304 1322 3369 in

98 3408 288 3493 praecordia
319 3409 385 3474 ima
417 3407 596 3494 deseendit,
630 3430 668 3475 co
701 3410 773 3494 ipso
807 3409 970 3495 gratiosa,
1002 3429 1065 3492 quo
1092 3409 1208 3476 laedit:
1242 3409 1323 3476 doce

99 3514 367 3596 qrrcmaumodum
401 3516 485 3581 banc
514 3518 741 3581 oiorilttadtacm
774 3516 896 3602 possim
929 3515 1106 3583 dinoscere.
1160 3518 1248 3582 veuit
1279 3517 1321 3581 ad

98 3642 145 3687 me
168 3644 226 3708 pro
252 3622 355 3689 amico
379 3622 519 3689 blandus
543 3623 701 3691 iuimicus.
725 3627 798 3689 citio
821 3624 914 3690 nobis
937 3624 997 3689 sub
1019 3627 1166 3689 uirtutum
1194 3624 1322 3689 nomine

99 3730 263 3815 obrepunt.
286 3730 452 3796 temeritas
477 3730 536 3796 sub
557 3730 651 3795 titulo
670 3728 868 3797 fortitudinis
884 3731 971 3795 latet.
995 3728 1174 3795 moderatio
1188 3738 1323 3796 vocatur

99 3834 237 3919 ignavia.
262 3856 320 3921 pro
344 3844 440 3903 cauto
464 3835 596 3903 timidus
620 3837 790 3923 accipitur:
815 3838 847 3902 in
871 3837 922 3903 bis
944 3856 1063 3921 magno
1078 3837 1222 3922 periculo
1237 3859 1321 3903 erra·

98 3962 174 4009 mus.
205 3943 259 4011 his
287 3951 393 4010 certas
421 3950 517 4010 notas
546 3944 690 4029 inprime.
724 3943 765 4009 de
793 3944 885 4011 clem.
913 3944 929 4007 I
953 3946 981 4010 3.
1000 3950 1032 4010 1:
1065 3965 1140 4009 nam
1164 3966 1235 4011 cum
1258 3946 1322 4012 siut

99 4053 167 4115 aritio
196 4050 356 4135 quaedam
386 4055 512 4117 curtatas
544 4050 719 4129 imitantia,
753 4072 816 4117 non
848 4058 985 4137 possunt
1017 4054 1155 4138 secerni,
1185 4053 1247 4119 nisi
1280 4052 1321 4117 iis

100 4157 201 4243 signa,
225 4158 341 4242 quibus
365 4157 582 4243 dinoscantur,
606 4158 808 4243 inpresseris.
833 4159 892 4244 Ep.
909 4161 1029 4227 95.65;
1054 4160 1101 4225 ait
1115 4159 1224 4227 utilem
1240 4160 1321 4224 futu·

100 4284 164 4328 ram
189 4270 223 4330 et
246 4262 496 4350 descriptionem
520 4264 675 4348 cuiusque
697 4268 833 4331 uirtutis:
864 4265 948 4330 banc
977 4265 1172 4332 Posidonius
1201 4264 1320 4331 etholo-

100 4371 185 4452 giam
217 4378 321 4451 vocat,
355 4370 486 4455 quidam
520 4370 792 4439 characterismon
825 4371 1006 4458 adpellant,
1038 4374 1134 4456 sigua
1166 4371 1321 4456 cuiusque

191 4600 356 4663 ¹l'1'acitum
376 4601 509 4673 expressit
527 4603 634 4657 Plinius
653 4604 701 4673 Ep.
714 4605 773 4659 llo.
786 4608 814 4659 7:
834 4622 869 4660 ne
883 4604 944 4668 tibi,
963 4605 1086 4673 optimae
1105 4604 1204 4658 indolis
1218 4604 1321 4671 iuveni,

101 4692 267 4757 quorundam
286 4693 315 4746 in
335 4710 429 4746 mensa
447 4693 558 4747 luxuria
575 4693 664 4763 specie
683 4694 854 4761 frugalitatis
873 4695 1006 4761 imponat.

1108 4783 1126 4837 3
