3459 5200
1007 445 1048 511 18

412 639 519 722 legem
550 646 646 706 natus
679 646 742 724 est,
778 638 840 705 boo
871 639 962 705 illum
993 640 1096 706 iatum
1125 640 1167 705 ab
1194 648 1284 706 utero
1317 641 1426 705 statim
1462 659 1635 726 proseque-

412 747 515 812 batur.
537 747 581 812 ib.
605 747 685 811 XXI
699 751 735 813 6:
761 745 903 812 Solvitur
926 746 1012 831 quod
1035 747 1151 830 cuique
1174 749 1367 832 promissum
1391 753 1455 826 est;
1482 755 1558 813 eunt
1580 748 1635 813 ria

413 875 473 920 sua
495 853 564 919 fata
587 874 647 921 nec
670 852 815 919 adiciunt
842 855 1013 938 quicquam
1036 875 1097 921 nec
1120 874 1160 920 ex
1183 854 1341 939 promisso
1365 855 1464 920 semei
1488 853 1634 939 demunt,

413 961 533 1027 frustra
563 967 640 1028 vota
671 983 712 1028 ae
739 961 846 1028 studia
875 969 963 1028 sunt:
995 961 1129 1028 habebit
1156 963 1292 1046 quisque
1318 969 1472 1046 quantum
1500 961 1636 1028 ididiae

408 1072 530 1154 prinam
562 1068 745 1154 adscripsit.
778 1076 844 1137 nat.
877 1075 1003 1152 quaest.
1035 1069 1098 1134 VII
1126 1071 1177 1136 28.
1195 1074 1227 1136 1:
1261 1068 1332 1154 illa,
1364 1089 1447 1153 quae
1476 1068 1634 1136 Chaldaei

413 1183 540 1261 canunt,
555 1175 640 1260 ‘quid
664 1175 760 1242 stella
783 1180 978 1242 noscentibus
1000 1176 1092 1242 triste
1112 1177 1273 1243 laetumve
1291 1176 1476 1244 constituat.
1502 1176 1544 1242 de
1559 1197 1634 1244 rem.

412 1283 484 1348 fort.
515 1282 547 1346 ΙΙ
570 1285 605 1349 2:
637 1287 774 1350 noscenti
801 1282 879 1347 mibi
907 1282 1054 1369 protinus
1081 1290 1198 1348 natura
1220 1284 1330 1369 posuit
1352 1283 1439 1349 bunc
1458 1285 1634 1351 terminum.

500 1498 623 1582 Restat,
647 1504 681 1562 ut
704 1496 781 1580 quid
804 1497 927 1564 Seneca
951 1504 983 1564 et
1001 1497 1135 1563 Tacitus
1159 1496 1200 1563 de
1224 1499 1367 1582 optima
1389 1498 1634 1582 reipublicae
1712 1500 1713 1503 ’

411 1603 531 1669 forma
555 1605 745 1688 censuerint,
769 1603 982 1672 conferamus.
1004 1602 1155 1670 ‘Tacitus
1178 1603 1265 1688 quod
1288 1604 1392 1672 libera
1415 1625 1467 1671 res
1492 1604 1633 1690 publica,

411 1731 509 1794 quam
539 1731 599 1796 per
629 1731 665 1776 se
695 1710 964 1796 perfectissimam
997 1711 1138 1778 civitatis
1171 1711 1306 1776 formam
1334 1712 1497 1797 agnoscit,
1528 1713 1634 1796 periit,

410 1839 480 1882 cum
505 1818 637 1901 reliquis
660 1818 788 1883 illorum
815 1825 994 1905 temporum
1026 1819 1104 1884 viris
1136 1819 1281 1885 honestis
1313 1821 1462 1904 queritur,
1490 1827 1633 1887 attamen

411 1924 493 1990 adeo
518 1925 660 1991 civitatis
684 1946 789 1992 mores
813 1933 980 2011 corruptos
1004 1947 1077 1992 esse
1101 1926 1248 2010 adeoque
1277 1927 1327 1992 sui
1356 1927 1511 2012 temporis
1535 1928 1630 1994 bouri-

410 2053 468 2098 ues
501 2031 718 2115 degenerasse
750 2033 811 2099 sibi
844 2053 1035 2117 persuasum
1062 2034 1217 2117 habebat,
1248 2040 1284 2098 ut
1310 2034 1524 2118 principatum
1556 2043 1632 2100 tam·
1699 2106 1705 2116 ¹

313 2223 315 2228 Ι
409 2160 506 2223 quam
539 2160 636 2205 unam
667 2138 808 2206 labantis
840 2140 966 2225 imperii
1000 2141 1137 2206 salutem
1166 2141 1336 2226 aspiceret.
1386 2141 1509 2206 Eodem
1538 2143 1631 2207 modo

410 2268 472 2331 quo
498 2247 631 2332 Seneca,
659 2267 754 2330 quern
776 2247 992 2333 principatum
1021 2249 1250 2333 comprobasse
1281 2248 1336 2315 rin
1368 2269 1449 2333 opus
1477 2255 1528 2314 est
1551 2271 1632 2315 com·

408 2375 594 2440 memorare,
618 2356 705 2421 cives
730 2376 799 2421 cum
824 2376 967 2441 corpore,
990 2356 1167 2441 principem
1192 2375 1264 2420 eum
1288 2357 1405 2440 animo,
1429 2377 1492 2440 quo
1516 2378 1632 2442 eorpus

409 2465 539 2548 regitur,
562 2469 739 2547 comparat.

497 2571 534 2635 Τ.
552 2569 634 2635 Hist.
658 2570 673 2633 Ι
695 2573 744 2637 16.
763 2574 796 2637 l:
820 2570 853 2636 Si
877 2571 1055 2637 inmensum
1078 2574 1200 2656 imperii
1223 2592 1333 2657 eorpus
1356 2578 1443 2637 stare
1464 2591 1504 2637 ac
1522 2572 1630 2637 librari

409 2679 479 2744 sine
511 2684 635 2743 rectore
668 2685 792 2762 posset,
826 2676 944 2760 dignus
977 2698 1063 2743 eram
1092 2700 1112 2743 a
1141 2698 1203 2761 quo
1231 2699 1283 2745 res
1307 2679 1437 2763 publiea
1461 2679 1629 2764 inciperet:

407 2806 492 2850 nunc
516 2804 554 2849 eo
579 2784 794 2849 necessitatis
808 2784 874 2847 iarn
896 2784 1021 2869 pridem
1044 2792 1171 2849 venturu
1197 2792 1256 2870 est,
1286 2793 1321 2850 ut
1344 2806 1404 2850 nec
1427 2804 1500 2851 mea
1524 2808 1630 2853 senec-

339 2978 343 2985 ,
408 2898 460 2957 tus
493 2892 637 2956 conferre
670 2888 743 2974 plus
776 2892 896 2976 populo
929 2892 1072 2955 Romano
1105 2892 1210 2976 possit
1237 2912 1332 2974 quam
1357 2892 1478 2957 bonum
1508 2914 1631 2959 sncces-

409 3019 521 3081 sorem,
545 3018 606 3063 nee
629 3004 684 3061 tua
707 2998 781 3081 plus
805 2998 936 3062 iuventa
960 3019 1055 3080 quam
1079 3000 1197 3063 bonnm
1220 2999 1408 3083 prinoipem.

498 3105 530 3173 S.
555 3104 596 3170 de
621 3103 712 3172 clem.
737 3104 752 3167 Ι
774 3108 805 3172 4.
821 3108 856 3172 3:
890 3105 969 3169 Ideo
992 3106 1155 3191 principes
1183 3126 1343 3189 regesque
1370 3112 1403 3171 et
1431 3127 1631 3191 quocumque

407 3213 473 3277 alio
496 3212 624 3277 nomine
653 3218 727 3277 sunt
759 3218 882 3278 tutores
915 3218 1020 3278 status
1052 3212 1172 3296 publici
1205 3233 1268 3277 non
1301 3219 1351 3279 est
1382 3214 1497 3278 mirum
1531 3216 1631 3279 amari

407 3319 493 3384 ultra
524 3319 670 3403 privatas
708 3317 805 3383 etiam
842 3317 1116 3405 necessitudines,
1153 3340 1228 3384 nam
1262 3320 1289 3385 si
1324 3321 1412 3386 sanis
1450 3312 1632 3387 bominibus

407 3426 538 3511 publica
561 3425 697 3511 privatis
726 3426 853 3510 potiora
888 3431 975 3510 sunt,
1008 3426 1161 3511 sequitur,
1190 3433 1225 3491 ut
1249 3428 1277 3493 is
1301 3448 1428 3511 quoque
1451 3428 1558 3494 carior
1581 3430 1631 3505 sit

407 3533 440 3597 in
469 3553 563 3615 quem
591 3553 627 3598 se
654 3553 706 3597 res
734 3533 864 3618 publica
897 3534 1063 3598 convertit.
1098 3534 1173 3598 olim
1203 3535 1287 3599 euim
1315 3536 1361 3599 ita
1389 3555 1425 3601 se
1452 3534 1557 3601 induit
1586 3538 1631 3602 rei

407 3640 556 3724 publicae
590 3640 726 3725 Caesar,
758 3647 793 3704 ut
825 3639 936 3706 seduci
970 3641 1105 3706 aiterum
1138 3662 1201 3705 non
1231 3649 1343 3726 posset
1371 3642 1442 3707 sine
1464 3643 1631 3726 utriusque

406 3746 563 3832 pernicic3
596 3767 670 3811 nam
705 3754 737 3813 et
766 3746 812 3811 illi
843 3747 964 3813 viribus
992 3768 1074 3832 opus
1102 3754 1152 3813 est
1180 3755 1213 3813 et
1235 3748 1310 3813 huic
1333 3750 1450 3833 eapite.
1475 3748 1517 3817 de
1541 3750 1632 3815 elem.

406 3854 437 3917 ΙΙ
462 3858 491 3921 2.
511 3858 543 3920 1:
568 3853 729 3920 Tradetur
752 3856 816 3919 ista
839 3855 938 3920 animi
961 3856 1008 3919 tui
1031 3855 1245 3920 mansuetudo
1270 3856 1529 3939 diffundeturque
1553 3878 1630 3941 pau·

406 3961 498 4026 latim
521 3982 580 4047 per
603 3982 696 4029 omne
719 3966 841 4046 imperii
863 3985 982 4047 cmpos.
1008 3961 1049 4029 de
1072 3964 1121 4027 ira
1143 3962 1192 4027 111
1218 3966 1267 4030 18.
1284 3968 1313 4029 2.

495 4178 532 4241 Τ.
557 4176 638 4243 Anu.
662 4176 677 4239 Ι
706 4180 752 4243 12.
767 4178 803 4243 9:
828 4197 891 4242 non
915 4177 1036 4243 idcirco
1060 4178 1291 4261 interrogatum
1320 4178 1380 4263 ait,
1410 4184 1444 4243 ut
1470 4178 1630 4246 divideret

406 4304 489 4367 quae
527 4284 673 4368 separari
711 4285 892 4369 nequirent,
936 4284 993 4350 sed
1036 4294 1071 4350 ut
1107 4306 1167 4351 sua
1203 4286 1407 4352 confessione
1443 4294 1630 4369 argueretur

405 4390 464 4477 (sc.
488 4392 634 4478 Caesar),
667 4412 764 4457 uuum
793 4412 866 4459 esse
898 4396 946 4457 rei
972 4394 1113 4477 publicae
1145 4415 1255 4478 empne
1283 4401 1381 4476 atque
1407 4397 1500 4459 unius
1526 4398 1630 4460 cortino

403 4500 577 4581 regaredum.

495 4606 527 4674 S.
558 4605 599 4672 de
631 4608 720 4674 clem.
752 4608 855 4674 Ia4
879 4629 940 4691 sq:
976 4608 1048 4676 Non
1080 4615 1131 4674 est
1157 4609 1210 4674 hic
1244 4609 1315 4675 sine
1347 4608 1474 4676 ratione
1502 4610 1631 4696 populis

404 4712 599 4799 urbibusque
614 4734 790 4782 consensus
805 4716 852 4783 sio
869 4716 1060 4803 protegendi
1079 4716 1274 4802 amandique
1291 4715 1378 4803 regis
1398 4724 1430 4784 et
1447 4738 1485 4786 se
1507 4737 1629 4804 suaque
1712 4695 1713 4754 Ῑ
