3459 5200
919 378 1046 472 32-

413 571 505 659 ἀμρω
538 592 665 658 semper
697 571 886 639 declinetur.
943 570 1051 655 Saepe
1084 569 1254 658 ἀμφότεροι
1284 571 1317 634 in
1350 570 1421 634 eius
1454 570 1561 634 locum

325 678 479 756 succedit,
504 678 551 743 ita
574 684 610 744 ut
634 679 802 767 ἀμφότεροι
826 678 964 744 dimidie
988 678 1056 743 iere
1079 683 1173 762 perte
1192 676 1285 765 ἀμρω
1298 676 1451 741 vocabuli
1465 696 1561 742 usum

324 792 466 870 superet.

413 893 461 957 Ex
494 892 641 957 Philonis
673 892 766 958 libris
795 893 924 977 spurius
953 891 1100 974 hebetur,
1134 890 1189 974 qui
1219 898 1270 956 cst
1292 888 1339 955 de
1362 889 1444 954 vita
1467 910 1558 954 con-

324 998 565 1083 templativa.
622 1001 658 1063 ln
691 1018 753 1083 quo
786 998 902 1064 duales
935 997 1058 1063 formae
1091 995 1200 1062 nullae
1239 996 1384 1080 exceptis
1418 995 1559 1079 siugulis

325 1110 402 1172 δυοῖν
427 1113 459 1171 et
483 1104 591 1194 ἀμφοῖν
616 1105 650 1190 (5
674 1108 695 1172 3
719 1108 797 1172 δυοῖν
819 1104 918 1180 ἕνεκα,
942 1108 962 1185 ἓ
990 1108 1029 1171 ll
1055 1104 1087 1177 et
1111 1103 1234 1194 ἀμφοῖν)
1257 1104 1417 1186 leguntur.
1462 1101 1560 1170 Unde

328 1221 432 1278 utrum
447 1212 540 1278 Philo
562 1220 675 1277 auctor
698 1212 799 1278 libelli
822 1212 919 1277 fuerit
933 1231 1045 1295 necue,
1068 1210 1149 1275 nihil
1164 1210 1358 1276 concludere
1372 1228 1558 1295 possumus.

659 1376 679 1453 ὅ
705 1373 757 1440 22.
801 1371 857 1437 De
881 1371 1017 1437 Flavio
1042 1370 1220 1455 losepbo.

415 1496 511 1582 Apud
538 1498 713 1563 Flavium
741 1497 946 1581 Iosepbum
978 1496 1060 1562 hoec
1087 1496 1268 1561 invenimus
1297 1494 1405 1560 dualis
1432 1494 1561 1560 numeri

326 1605 489 1690 exempla:
1124 1661 1129 1669 .

483 1711 579 1779 Arch.
603 1709 674 1780 Iud.
698 1714 727 1796 3,
753 1714 781 1793 l,
805 1715 827 1776 4
873 1712 949 1775 δυοῖν
971 1712 1123 1776 κωδώνοιν

697 1824 727 1903 4,
751 1821 781 1902 8,
804 1820 848 1883 44
872 1817 983 1904 μεταξὺ
1007 1819 1083 1881 doctu
1105 1814 1185 1902 ὀροῖν

790 1914 794 1923 ’
868 1925 918 1989 ἐπὶ
939 1935 1002 1989 τοῖν
1025 1926 1105 1990 δοοῖν
1128 1921 1208 2009 ὀροῖν

653 2035 702 2116 14,
730 2032 778 2117 15,
803 2034 820 2098 1
868 2041 933 2097 ταῖν
957 2040 1057 2118 χεροῖν
1081 2029 1261 2116 ἀμφοτέραιν

675 2141 724 2223 17,
747 2139 822 2223 b,5
869 2141 945 2204 δοοῖν
967 2138 1092 2220 ἀγώνοιν

673 2248 722 2331 18,
747 2247 821 2329 2,2
867 2242 994 2331 ἡμέραιν
1017 2246 1096 2309 δοοῖν

747 2352 820 2437 6,5
867 2358 948 2439 μόνω
971 2346 998 2414 δ’
1022 2350 1116 2437 ἤστην

800 2461 821 2525 6
867 2463 951 2543 παρὰ
974 2468 1033 2523 τοῖν
1056 2460 1158 2523 ποδοῖν

802 2567 844 2633 10
866 2569 942 2651 πρὸς
963 2566 1108 2632 ἐνιαυτοῖν
1132 2567 1208 2630 δοοῖν

483 2673 564 2741 Bell.
590 2672 660 2740 Iud.
689 2676 720 2758 3,
744 2676 775 2757 b,
802 2678 818 2739 1
865 2679 908 2738 τὼ
931 2684 1015 2760 χεῖρε

686 2782 719 2864 4,
742 2781 819 2864 5,3
865 2790 968 2867 χεροῖν

687 2891 718 2972 5,
743 2889 818 2972 2,4
865 2894 908 2953 τὼ
931 2897 1014 2973 χεῖρε

688 2997 719 3078 6,
746 2997 775 3078 7,
803 2999 819 3060 1
866 2999 909 3058 τὼ
932 3004 1015 3079 χεῖρε

689 3105 719 3184 Ἰ,
745 3105 820 3184 8,3
865 3111 927 3166 τοῖν
949 3103 1059 3166 ποδοῖν.

412 3208 595 3289 Ambigitur
618 3208 659 3273 dc
682 3228 745 3272 uno
769 3209 839 3274 loco
864 3208 958 3274 Arcb.
984 3207 1054 3273 Iud.
1076 3210 1128 3292 18,
1146 3209 1175 3292 2,
1190 3210 1225 3274 2:
1254 3207 1424 3293 διαδέχεται
1448 3209 1479 3271 δὲ
1499 3212 1553 3271 οιαὶ

322 3323 425 3379 τοῦτον
439 3314 565 3387 Ἀννιος
586 3312 728 3402 Ῥοῦμος·
760 3314 806 3402 ἐφ’
828 3311 863 3379 οὔ
893 3318 930 3402 δὴ
953 3320 1007 3380 καὶ
1028 3318 1153 3399 τελευτᾷ
1175 3312 1309 3400 Καῖσαρ,
1338 3317 1477 3400 δεύτεροτ
1500 3319 1554 3401 μὲν

324 3417 478 3508 Ῥωμαίων
507 3421 699 3506 αὐτοκράτωρ
727 3411 896 3509 γενόμενος,
925 3420 1001 3487 ἑπτὰ
1029 3423 1061 3485 δέ
1086 3425 1140 3487 καὶ
1166 3428 1348 3509 tewinum
1374 3432 1430 3507 τῆς
1453 3419 1554 3508 ἀρχῆς

323 3529 385 3614 ἔτη,
409 3533 485 3612 πρὸς
508 3526 552 3601 οἷς
576 3541 664 3616 μῆνες
688 3530 719 3602 ἓξ
743 3527 871 3616 ἡμέραιν
896 3532 974 3594 δοοῖν
996 3529 1140 3601 πλείονες.

411 3633 449 3698 In
480 3635 601 3699 maiore
635 3635 777 3700 editione
808 3635 1005 3700 Benedictus
1032 3636 1132 3700 Niese
1164 3633 1273 3722 ἡμέραι
1305 3637 1383 3700 δοοῖν
1415 3637 1555 3706 πλείονες

324 3741 462 3825 scripsit,
494 3741 541 3806 ite
573 3749 682 3808 tomen
710 3751 745 3807 ut
772 3742 842 3809 ood.
872 3743 899 3805 E
928 3740 1055 3828 ἡμέραιν
1087 3743 1245 3826 praebere
1278 3740 1458 3808 adnotaret.
1514 3740 1553 3804 Iu

325 3847 467 3913 editione
490 3849 612 3914 minore
636 3849 732 3914 rediit
755 3849 798 3914 ed
818 3847 955 3937 ἡμέραιν,
980 3848 1067 3932 quod
1090 3869 1161 3913 cum
1185 3849 1259 3934 ipse
1282 3848 1444 3914 sententie
1467 3867 1551 3912 com·

324 3954 502 4038 mundetur,
528 3957 655 4020 omniuo
679 3955 926 4040 praeferendum
951 3965 1011 4020 est.

411 4060 499 4127 Inter
526 4061 657 4147 losepbi
685 4063 805 4128 formas
834 4062 949 4129 duales
977 4063 1072 4150 ἤστην
1102 4061 1235 4129 eminet:
1272 4062 1420 4147 primus
1453 4062 1551 4128 euim

322 4168 384 4235 bic
417 4169 524 4233 verbi
557 4167 686 4235 dualis
714 4169 804 4235 inde
832 4171 882 4235 ab
911 4169 1142 4235 Aristotelis
1171 4169 1410 4255 temporibus
1439 4169 1554 4234 uobis

322 4276 498 4342 occurrit.

319 4395 533 4402 -..——-——--

324 4457 365 4509 11.
385 4455 429 4508 32.
467 4455 516 4509 vit.
536 4454 622 4523 Moys.
647 4455 668 4519 Ι,
688 4455 731 4508 42.
751 4455 794 4508 59.
832 4453 882 4518 ΙΙΙ,
901 4455 926 4508 4.
947 4455 988 4508 14.
1027 4453 1061 4510 de
1083 4472 1136 4509 sec.
1156 4455 1221 4509 hon.
1241 4457 1265 4508 1.
1303 4455 1425 4522 decept
1446 4453 1488 4508 18.
1508 4453 1550 4507 21.

324 4544 358 4599 de
381 4561 494 4612 concup.
519 4544 560 4596 11.
607 4543 640 4597 de
666 4546 750 4597 creat.
775 4542 862 4611 princ.
888 4544 929 4598 11.
975 4542 1009 4597 de
1032 4544 1237 4608 curit.1(bis).
1280 4543 1361 4611 quod.
1380 4560 1453 4596 omn.
1472 4543 1552 4613 prob.

320 4631 391 4684 liber
409 4633 434 4684 8.
471 4632 552 4700 srgm.
572 4635 640 4685 tom.
661 4632 698 4686 Vl
717 4650 742 4699 p.
762 4632 822 4684 240.
