3459 5200
918 559 1118 657 ..-li-

436 773 507 834 arte
541 771 711 834 rhetorica
743 769 889 853 aliquam
930 771 998 834 vim
1031 771 1190 836 hahuisse
1224 769 1392 845 concedo,
1430 768 1491 832 sed
1524 767 1601 832 illos

436 872 555 937 modos
578 892 599 936 a
620 873 836 954 Pergamenis
860 874 942 939 solis
964 874 1159 956 propositos
1181 874 1286 940 fuisse
1308 875 1366 940 ubi
1389 874 1601 938 demonstra-

435 976 519 1040 verit
540 977 607 1041 Leo
632 995 700 1041 non
724 976 830 1041 video.
874 978 980 1042 lmmo
1008 977 1064 1043 ille
1093 978 1166 1060 ipse
1194 977 1381 1042 rectissime
1405 975 1602 1058 significavit

435 1079 563 1144 eisdem
586 1079 696 1144 modis
719 1081 904 1145 Varronem
931 1081 966 1145 in
994 1086 1064 1145 arte
1099 1081 1319 1163 etymologica
1347 1100 1447 1164 quam
1479 1083 1603 1142 vocant

435 1182 570 1246 Graecis
593 1182 786 1247 auctoribus
809 1202 907 1248 usum
930 1202 1015 1261 esse,
1039 1183 1099 1247 sed
1121 1183 1246 1248 addere
1267 1182 1383 1247 debuit
1396 1181 1600 1246 Graecorum

435 1285 573 1352 nomina
596 1305 615 1350 a
638 1287 786 1351 Varrone
809 1286 884 1369 ipso
908 1287 1024 1368 citata3
1046 1307 1075 1350 ν.
1101 1288 1192 1351 Varr.
1216 1287 1258 1350 de
1280 1286 1301 1350 l.
1324 1286 1346 1350 l.
1368 1285 1409 1349 Vl
1430 1286 1451 1348 ί
1475 1285 1601 1363 „Huius

435 1390 483 1455 rei
506 1393 623 1454 auctor
645 1390 728 1454 satis
751 1390 833 1454 mihi
856 1391 1061 1473 Chrysippus
1085 1393 1118 1455 et
1139 1391 1317 1472 Antipater
1340 1393 1373 1454 et
1396 1388 1601 1453 ..Aristo-

432 1494 563 1577 phanes
587 1499 621 1559 et
641 1493 883 1576 Apollodorus,
913 1494 970 1577 qui
997 1513 1116 1558 omnes
1144 1493 1249 1559 verba
1276 1513 1317 1558 ex
1338 1491 1451 1558 verbis
1475 1491 1523 1556 ita
1544 1491 1601 1554 de·

434 1599 552 1662 clinari
576 1598 736 1675 scribunt,
759 1602 796 1662 ut
817 1599 920 1662 verba
941 1598 1071 1664 litteras
1088 1597 1153 1662 alia
1169 1601 1355 1674 assumant,
1375 1596 1441 1660 alia
1455 1595 1600 1671 mittant,

434 1701 499 1766 alia
515 1705 752 1766 commutent.“
782 1701 895 1784 Neque
910 1705 980 1766 tres
995 1702 1043 1766 illi
1057 1701 1150 1765 modi
1164 1705 1350 1766 metrorum
1365 1699 1601 1773 derivatorum,

434 1825 519 1888 qnae
527 1804 737 1888 Westphalio
751 1805 834 1869 duce
846 1806 1015 1888 appellare
1028 1805 1272 1883 consuevimus,
1285 1803 1460 1868 doctrinae
1472 1802 1601 1885 proprii

434 1915 547 1974 erant„
584 1909 865 1974 Commemoravit
889 1910 979 1973 enirn
1001 1909 1140 1973 eosdem
1155 1909 1285 1973 Plotius
1301 1906 1468 1972 Sacerdos
1492 1905 1600 1970 solam

433 2012 585 2094 quamvis
607 2017 792 2077 metrorum
813 2013 1030 2112 physicorum
1052 2012 1241 2076 doctrinam
1263 2011 1454 2092 amplexus3
1481 2009 1524 2072 cf.
1548 2008 1600 2072 GL

434 2115 474 2179 Vl
496 2117 568 2192 543,
594 2116 632 2180 15
659 2137 731 2200 sqq.
766 2117 816 2195 „si
845 2117 919 2199 quis
953 2116 1119 2181 invenerit
1146 2114 1282 2198 aliquod
1310 2118 1455 2178 metrum
1477 2112 1513 2176 in
1535 2113 1602 2176 hoc

432 2219 519 2283 libro
554 2238 622 2283 non
655 2217 820 2301 positum,
931 2238 1002 2283 non
1036 2218 1204 2300 imperitia
1236 2217 1362 2282 iudicet
1399 2217 1601 2298 ignoratum.

432 2323 516 2386 Nam
543 2325 601 2386 aut
630 2321 740 2404 aliqua
773 2342 809 2386 re
843 2322 994 2386 detracta
1021 2325 1078 2386 aut
1105 2321 1220 2386 addita
1240 2325 1299 2385 aut
1320 2323 1528 2384 commutata
1551 2319 1603 2382 in·

432 2426 545 2490 veniet
565 2426 776 2508 figuratum“;
807 2427 847 2489 cf.
872 2426 970 2491 eund.
993 2426 1066 2504 544,
1092 2427 1141 2491 15.
1192 2424 1355 2490 Addendo
1378 2427 1411 2489 et
1433 2422 1602 2487 demendo

432 2529 651 2594 Heliodorum
674 2533 774 2613 atque
796 2529 1082 2612 Hephaestionem
1109 2527 1282 2613 ἐπιπλοκῆς
1310 2527 1500 2593 doctrinam
1522 2527 1602 2590 effe·

433 2634 520 2699 cisse
545 2634 627 2698 satis
650 2638 767 2698 notum
791 2638 851 2711 est,
876 2635 936 2698 sed
957 2633 1242 2717 Hephaestionem
1267 2633 1387 2697 saltem
1409 2630 1453 2695 ad
1474 2636 1603 2695 metro·

434 2757 505 2801 ram
532 2733 730 2822 συμπάθειαν
752 2742 808 2802 aut
832 2733 1033 2803 dvrissitleiav
1061 2737 1276 2802 indicandam
1303 2736 1405 2801 etiam
1433 2729 1604 2819 perciderim

432 2860 614 2923 usurpasse
654 2842 810 2907 homines
850 2842 939 2906 docti
974 2841 1105 2906 nescire
1137 2842 1302 2906 videntur.
1357 2842 1488 2907 Tamen
1524 2838 1603 2902 vide

432 2946 535 3011 verba
558 2946 760 3011 scholiastae
782 2946 1004 3028 Hermogenis
1028 2945 1186 3029 anonymi
1208 2945 1306 3027 (rhet.
1329 2966 1378 3028 gr.
1401 2944 1456 3008 VH
1476 2963 1510 3025 p.
1527 2945 1602 3021 983,

431 3052 472 3113 hd
496 3050 585 3133 sqqlt

513 3147 569 3218 Ἐν
600 3154 643 3239 τῷ
676 3156 747 3239 περὶ
780 3154 898 3240 μέτρων
932 3155 1025 3238 φησὶν
1057 3150 1074 3217 ὁ
1104 3151 1322 3238 Ἡφαιστίωνί)
1356 3149 1402 3216 ὅτι
1437 3150 1603 3236 συγγένεια

433 3258 550 3341 γίνεται
573 3258 685 3342 μὲτρου
708 3257 784 3342 πρὸς
808 3257 919 3343 μέτρον
940 3258 1063 3343 τριχῶς,
1079 3258 1162 3321 κοιτοὶ
1178 3249 1349 3341 ἀφαίρεσιν,
1364 3255 1448 3320 ιιοιτά
1462 3253 1602 3340 πρόσθε-

433 3384 487 3444 σιν,
503 3360 608 3445 <ιιοιτά
630 3358 865 3447 μετάθεσιν>·ί)
888 3362 952 3426 οίον
974 3360 1028 3425 ἐὰν
1050 3356 1169 3447 ἀφέλῃς
1189 3360 1245 3425 τοῦ
1265 3366 1373 3445 μῆνιν
1396 3358 1504 3423 ἄειδε
1526 3356 1604 3423 θεοί

432 3463 490 3546 τὴν
512 3459 638 3547 πρώτην
660 3460 829 3549 συλλαβήν,
851 3472 949 3541 ποιεῖς
971 3456 1037 3529 ἀντὶ
1059 3462 1247 3528 δακτυλινοῦ
1278 3461 1391 3547 μέτρου
1420 3460 1602 3527 ἀναπαιστι-

432 3564 502 3630 κόν
537 3565 633 3643 οὕτως
666 3565 719 3631 οὖν
751 3569 805 3630 καὶ
834 3564 869 3630 τὸ
899 3564 1019 3631 ίωνικόν
1046 3564 1108 3631 ἀπὸ
1138 3566 1276 3652 μείζονος
1303 3564 1449 3650 συγγενὲς
1471 3566 1538 3629 ἐστι
1558 3566 1602 3649 τῷ

431 3670 591 3754 τροχαϊκῷ
613 3670 696 3734 ιιοιτά
719 3669 902 3756 μετάθεσιν·
926 3671 980 3735 τοῦ
1002 3670 1064 3756 γὰρ
1091 3670 1213 3735 ἰωνικοῡ
1236 3664 1297 3734 ἀπὸ
1321 3669 1459 3754 μείζονος
1482 3669 1521 3733 ἐκ
1543 3692 1601 3755 μει-

432 3773 515 3856 νρῶν
548 3770 603 3836 δύο
637 3774 691 3836 καὶ
723 3772 823 3857 (irio)
846 3772 1002 3859 βραχειῶν
1012 3774 1038 3856 ⁸)
1072 3772 1172 3856 ὄντος,
1206 3772 1303 3851 ἔξεστι
1331 3772 1519 3858 μεταθεῖναι
1547 3775 1603 3836 καὶ

431 3882 560 3959 ποιῆσαι
593 3872 768 3962 διτρόχοιιον
802 3878 839 3941 ἐκ
873 3879 996 3962 μακρᾶς
1032 3879 1088 3942 καὶ
1120 3876 1270 3962 βραχείας
1302 3877 1358 3939 aui
1390 3875 1514 3961 μακρᾶς
1547 3876 1602 3939 καὶ

521 4084 540 4154 ¹)
564 4083 654 4139 Petita
677 4084 805 4139 videntur
822 4084 893 4139 haec
915 4085 1000 4138 verba
1024 4102 1058 4139 ex
1079 4084 1277 4139 commentario
1304 4100 1360 4153 quo
1382 4084 1526 4151 Longinus
1548 4085 1599 4137 Hc

431 4173 603 4241 phaestionis
628 4172 808 4225 enchiridium
832 4172 1013 4237 instruxerat;
1040 4174 1074 4227 cf.
1099 4173 1117 4225 l.
1137 4188 1159 4224 c.
1183 4189 1210 4240 p.
1228 4172 1288 4237 984,
1307 4172 1330 4224 7.
1370 4169 1513 4239 Longinus
1541 4173 1600 4240 ipse

432 4277 464 4313 ex
478 4260 611 4329 ampliore
624 4258 718 4327 aliquo
731 4259 946 4327 Hephaestionis
960 4275 1043 4327 opere
1062 4275 1096 4312 ea
1114 4258 1297 4327 deprompsit;
1317 4260 1346 4309 ὲν
1362 4256 1399 4325 τῷ
1420 4262 1481 4323 περὶ
1498 4262 1601 4323 μέτρων

431 4364 528 4416 parum
547 4350 672 4400 accurate
691 4346 794 4401 dictum
813 4351 855 4401 est
873 4352 904 4400 ut
922 4362 1006 4415 saepe
1025 4348 1063 4401 tit

517 4432 540 4503 ²)
557 4434 629 4487 ιιοιτιὶ
647 4434 789 4501 μετάθεσιν
809 4434 911 4488 addidi.

519 4522 539 4590 ³)
557 4522 588 4575 ln
607 4522 662 4575 alio
681 4522 775 4575 codice
797 4521 870 4574 inest
887 4524 920 4573 ἐκ
939 4524 1049 4587 μακρῶν
1070 4524 1118 4573 ιιοιί
1140 4520 1189 4573 δύο
1208 4522 1344 4586 βραχειῶν,
1369 4520 1396 4573 in
1419 4519 1480 4573 aliis
1499 4522 1531 4572 ὲιι
1547 4536 1598 4585 μα-

430 4610 501 4673 κρῶν
520 4607 567 4657 δύο
585 4612 632 4662 καὶ
650 4613 786 4676 βραχειῶν.
