3459 5200
746 560 786 623 nl

185 767 319 833 scholia
354 767 449 832 alteri
484 766 725 832 commentario
749 765 1006 846 ascriberentur,
1039 764 1189 830 additam
1217 785 1293 830 esse
1315 764 1351 829 in

185 871 325 936 scholiis
348 869 596 936 enarrationem
618 891 649 953 p.
673 872 731 936 XV
756 872 889 936 13-22’.

271 974 384 1056 ltaque
429 972 536 1038 tribus
580 973 646 1037 illis
685 973 769 1036 locis
811 972 912 1036 modo
951 972 1126 1055 explicatis
1165 971 1351 1036 efficiuntur

184 1077 311 1160 haec.¹)
361 1077 604 1158 spectaverunt
638 1076 799 1142 nonnulla
831 1075 960 1141 scholia
986 1076 1140 1159 primitus
1163 1075 1207 1139 ad
1229 1075 1351 1140 librum

186 1180 354 1265 quendam
389 1199 478 1245 nunc
511 1180 736 1263 deperditum,
779 1181 814 1245 in
848 1200 915 1263 quo
949 1184 983 1244 et
1015 1181 1111 1263 plura
1147 1179 1281 1244 inerant
1316 1185 1350 1245 et

185 1285 306 1351 melius
346 1284 515 1367 descrIpta
554 1304 653 1367 quam
693 1285 728 1350 in
762 1284 810 1349 cis
845 1285 900 1367 qui
935 1289 1052 1349 extant
1085 1283 1345 1349 commentariis,

187 1389 264 1453 Non
287 1387 452 1452 diversum
470 1387 573 1452 fuisse
589 1387 682 1452 illum
697 1387 846 1453 libellum
862 1389 905 1453 ab
928 1407 969 1451 eo
993 1387 1082 1470 quod
1105 1391 1349 1452 commemorat

187 1492 446 1558 Choeroboscus
464 1489 571 1577 βιβλίῳ
586 1493 657 1575 περὶ
672 1489 845 1576 ποιήματος
861 1491 958 1555 facile
975 1491 1170 1556 conieceris.
1215 1491 1349 1556 Utrum·

188 1616 253 1680 quc
283 1595 561 1660 commentarium
591 1615 631 1659 ex
659 1595 715 1659 illc
745 1595 858 1660 libello
888 1595 988 1678 paulo
1018 1593 1247 1677 neglegentius
1275 1615 1351 1660 esse

187 1703 383 1781 excerptum
398 1702 536 1781 propter
549 1697 609 1762 τῶν
625 1697 775 1782 μετρικῶν
797 1695 940 1763 ἀτάκτων
965 1697 1209 1781 descriptiones
1232 1699 1261 1764 si
1283 1719 1352 1764 non

188 1806 316 1868 certum
339 1805 399 1881 est,
422 1801 548 1867 otveri
571 1801 786 1867 simillimum.

274 1906 392 1971 Restat
420 1910 456 1970 ut
485 1925 630 1989 quanam
657 1906 829 1971 doctrinae
852 1906 1145 1989 Hephaestioneae
1172 1908 1244 1991 περὶ
1263 1905 1353 1992 ποιή-

188 2030 286 2096 ματος
301 2011 513 2075 enarratione
529 2010 670 2075 Tzetzae
687 2009 806 2076 iratres
827 2011 881 2076 usi
903 2011 972 2076 sint
1001 2011 1198 2075 examinem.
1243 2012 1352 2095 Atque

191 2116 336 2180 Ioannes
366 2114 500 2198 quidem
529 2114 666 2180 Tzetzes
696 2113 730 2178 in
758 2114 855 2194 libro,
886 2115 941 2197 qui
971 2115 1153 2197 inscriptus
1176 2119 1228 2179 est
1250 2115 1353 2178 διδασ-

187 2217 287 2282 καλία
302 2213 481 2302 σαφεστάτη
499 2222 559 2282 τῶν
576 2217 608 2281 ἐν
623 2225 685 2294 τοῖς
700 2217 817 2303 στίχοις
840 2216 958 2304 μέτριον
975 2210 1129 2300 ἁπάντων,
1152 2219 1187 2282 in
1211 2238 1275 2301 quo
1299 2239 1354 2283 ac-

191 2322 402 2388 curatissime
424 2322 468 2386 ad
491 2321 712 2386 enchiridium
734 2322 1045 2405 Hephaestioneum
1068 2342 1143 2387 sese
1166 2322 1353 2405 applicavit,

191 2428 284 2492 nolle
306 2447 343 2492 se
366 2427 407 2491 de
431 2425 616 2490 carminum
638 2425 818 2506 generibus
842 2425 967 2491 referre
990 2425 1093 2490 libere
1110 2426 1284 2509 profitetur
1300 2426 1353 2490 his

190 2531 303 2598 verbis
327 2530 376 2613 (in
400 2528 550 2594 Crameri
572 2528 699 2593 Anecd.
723 2529 784 2594 Ox.
807 2529 847 2594 lll
869 2552 901 2613 p.
925 2531 997 2613 331,
1021 2530 1161 2612 28-30)

298 2630 338 2697 τοὶ
360 2633 395 2696 δὲ
418 2630 513 2717 μικροὶ
533 2630 594 2696 τῶν
616 2630 733 2717 μέτρων
756 2630 820 2718 μὲν,
844 2630 904 2696 ὅσα
926 2654 959 2697 τε
981 2630 1064 2696 κατὰ
1086 2631 1192 2717 στίχον

303 2737 359 2800 καὶ
379 2744 455 2799 ποῖα
476 2734 560 2799 κατὰ
582 2733 725 2821 σύστημα
746 2737 801 2799 καὶ
822 2745 897 2800 ποῖα
918 2736 978 2801 τῶν
1002 2732 1153 2818 ἀτάκτων,

302 2835 422 2926 μακρόν
445 2839 508 2903 ἐστι
530 2840 585 2903 καὶ
605 2837 706 2924 λέγειν
729 2859 782 2925 με·
805 2837 946 2925 γνώριμα
968 2839 1030 2924 γὰρ
1052 2848 1114 2917 τοῖς
1135 2845 1236 2903 πᾶσιν.

279 2944 482 3009 Perstrinxit
503 2948 617 3009 tamen
638 2943 836 3026 posterioris
853 2943 1086 3008 commentarii
1111 2942 1252 3020 initium,
1282 2962 1357 3005 cum

192 3048 423 3130 disputatione
446 3048 487 3112 de
511 3047 630 3126 sticho,
653 3048 738 3128 colo,
762 3051 929 3112 commate
952 3046 1105 3111 instituta
1126 3047 1209 3111 hacc
1231 3045 1357 3110 diceret

153 3146 157 3159 '
193 3154 229 3234 (l.
255 3171 282 3215 c.
304 3172 336 3233 p.
360 3152 432 3229 316,
455 3152 595 3233 28—30)

306 3251 322 3318 ὁ
345 3254 399 3318 τοῦ
420 3252 581 3339 Κελλέρου
604 3254 639 3317 δὲ
660 3253 724 3331 υἱός
746 3254 778 3319 ἐν
799 3252 920 3340 μέτροις
936 3246 1126 3337 Ἡφαιστίων

302 3354 410 3444 κόμμα
432 3358 487 3420 καὶ
509 3356 611 3422 κῶλον
633 3355 673 3421 τὰ
695 3355 777 3435 ἐντὸς
800 3354 941 3421 διδάσκει
962 3361 1016 3421 τοῦ
1039 3354 1191 3441 διμέτροο,

304 3460 338 3523 τὸ
362 3458 391 3523 δ’
415 3457 552 3547 ὑστερβοὶν
575 3456 610 3523 τὸ
633 3460 802 3547 δίμετρονῖ)
825 3459 932 3546 στίχον
954 3457 1170 3544 acroamata.

285 3562 657 3647 Festinantiusageret,
682 3564 800 3648 quiex
829 3564 883 3629 his
912 3564 1023 3629 verbis
1051 3562 1265 3628 concluderet
1292 3561 1360 3643 pri-

196 3668 301 3735 mitus
317 3688 378 3751 pro
399 3668 457 3745 eiS,
481 3688 566 3751 quae
588 3688 620 3751 p.
637 3670 690 3733 Vll
714 3669 819 3733 7-10
846 3668 882 3731 in
905 3667 1075 3733 codicibus
1099 3667 1262 3749 leguntur,
1286 3683 1360 3729 eam

198 3770 354 3837 extitisse
377 3771 615 3851 definitionem,
639 3791 738 3854 quam
762 3771 899 3837 Tzetzes
921 3771 1059 3853 profert.
1103 3769 1188 3833 Nam
1215 3767 1360 3851 primum

196 3875 332 3959 quidem
367 3895 450 3957 quae
485 3874 520 3939 in
549 3874 781 3940 commentarii
811 3873 982 3940 codicibus
1013 3871 1274 3955 deprehenditur
1304 3891 1360 3936 ex-

195 3976 350 4063 planatio
367 3978 531 4044 eiusmodi
548 3981 608 4056 est,
624 3981 661 4043 ut
676 3997 787 4056 nemo,
805 3978 885 4043 dum
900 3977 1031 4059 singula
1046 3980 1199 4041 accurate
1220 3978 1360 4057 reputet,

196 4082 241 4147 de
264 4081 392 4163 origine
416 4081 486 4146 eius
509 4082 779 4164 Hephaestionea
804 4080 942 4145 dubitet.
985 4077 1114 4143 Deinde
1141 4099 1182 4142 ex
1203 4078 1360 4143 universo

196 4184 335 4252 loannis
352 4185 492 4251 Tzetzae
508 4185 595 4249 libro
613 4184 825 4267 cognoscitur
841 4204 918 4248 eum
932 4184 1033 4265 plane
1049 4182 1165 4248 eadem
1186 4180 1361 4246 enchiridii

201 4362 369 4371 ——n——n-

291 4444 308 4513 ¹)
326 4444 414 4498 Etiam
433 4461 459 4512 p.
481 4442 541 4496 XIX
560 4442 593 4494 οἳ
612 4444 697 4496 verba
716 4446 743 4495 ἐν
762 4442 839 4495 δυάδι
862 4442 950 4510 magis
970 4440 1107 4509 quadrant
1124 4441 1160 4494 ad
1187 4445 1331 4495 comment.
1350 4442 1362 4493 Ι

199 4552 227 4604 p.
246 4532 283 4587 Vl
303 4532 336 4585 10
354 4548 438 4601 quam
461 4530 496 4583 ad
515 4547 540 4599 p.
559 4530 620 4583 XIX
638 4532 655 4585 5
673 4562 707 4569 —
724 4529 772 4584 XX
790 4530 814 4584 3.

291 4618 313 4688 ⁸)
331 4621 452 4686 δίμιτρον
470 4617 567 4688 scripsi
587 4618 649 4673 coll.
669 4636 694 4687 p.
714 4618 773 4687 317,
792 4618 838 4682 31;
858 4617 1004 4685 σύμμετρον
1022 4615 1101 4672 codd.
