<?xml version="1.0" encoding="UTF-8"?>
<!DOCTYPE html PUBLIC "-//W3C//DTD XHTML 1.0 Transitional//EN"
    "http://www.w3.org/TR/xhtml1/DTD/xhtml1-transitional.dtd">
<html xmlns="http://www.w3.org/1999/xhtml" xml:lang="en" lang="en">
 <head>
  <title>
</title>
<meta http-equiv="Content-Type" content="text/html;charset=utf-8" />
  <meta name='ocr-system' content='tesseract 3.04.00' />
  <meta name='ocr-capabilities' content='ocr_page ocr_carea ocr_par ocr_line ocrx_word'/>
</head>
<body>
  <div class='ocr_page' id='page_1' title='image "./detacitosenecae00zimmgoog_0055.png"; bbox 0 0 3459 5200; ppageno 0'>
   <div class='ocr_carea' id='block_1_1' title="bbox 979 388 1023 452">
    <p class='ocr_par' dir='ltr' id='par_1_1' title="bbox 979 388 1023 452">
     <span class='ocr_line' id='line_1_1' title="bbox 979 388 1023 452; baseline 0 0"><span class='ocrx_word' id='word_1_1' title='bbox 979 388 1023 452; x_wconf 79' lang='lat'><strong>42</strong></span> 
     </span>
    </p>
   </div>
   <div class='ocr_carea' id='block_1_2' title="bbox 302 581 1613 1850">
    <p class='ocr_par' dir='ltr' id='par_1_2' title="bbox 302 581 1613 1850">
     <span class='ocr_line' id='line_1_2' title="bbox 477 581 1613 668; baseline 0.001 -21"><span class='ocrx_word' id='word_1_2' title='bbox 477 582 668 647; x_wconf 84' lang='lat' dir='ltr'><strong>Reseruutur</strong></span> <span class='ocrx_word' id='word_1_3' title='bbox 691 583 877 668; x_wconf 82' lang='lat' dir='ltr'>Hieronymi</span> <span class='ocrx_word' id='word_1_4' title='bbox 898 582 998 648; x_wconf 85' lang='lat' dir='ltr'><strong>rerba</strong></span> <span class='ocrx_word' id='word_1_5' title='bbox 1022 604 1119 667; x_wconf 87' lang='lat' dir='ltr'><strong>supra</strong></span> <span class='ocrx_word' id='word_1_6' title='bbox 1143 605 1163 647; x_wconf 92' lang='lat' dir='ltr'><strong>a</strong></span> <span class='ocrx_word' id='word_1_7' title='bbox 1186 603 1237 648; x_wconf 94' lang='lat' dir='ltr'><strong>me</strong></span> <span class='ocrx_word' id='word_1_8' title='bbox 1261 582 1397 647; x_wconf 88' lang='lat' dir='ltr'><strong>laudata</strong></span> <span class='ocrx_word' id='word_1_9' title='bbox 1420 584 1504 648; x_wconf 91' lang='lat' dir='ltr'><strong>inter</strong></span> <span class='ocrx_word' id='word_1_10' title='bbox 1526 581 1613 667; x_wconf 87' lang='lat' dir='ltr'><strong>frag-</strong></span> 
     </span>
     <span class='ocr_line' id='line_1_3' title="bbox 387 689 1613 776; baseline 0.002 -23"><span class='ocrx_word' id='word_1_11' title='bbox 387 696 494 754; x_wconf 85' lang='lat' dir='ltr'><strong>menta</strong></span> <span class='ocrx_word' id='word_1_12' title='bbox 519 689 662 755; x_wconf 76' lang='lat' dir='ltr'>Senecae</span> <span class='ocrx_word' id='word_1_13' title='bbox 687 690 759 755; x_wconf 90' lang='lat' dir='ltr'><strong>libri</strong></span> <span class='ocrx_word' id='word_1_14' title='bbox 782 710 866 755; x_wconf 89' lang='lat' dir='ltr'><strong>nune</strong></span> <span class='ocrx_word' id='word_1_15' title='bbox 890 689 1059 776; x_wconf 74' lang='lat' dir='ltr'><strong>deperditi,</strong></span> <span class='ocrx_word' id='word_1_16' title='bbox 1083 691 1137 773; x_wconf 85' lang='lat' dir='ltr'><strong>qni</strong></span> <span class='ocrx_word' id='word_1_17' title='bbox 1160 690 1396 757; x_wconf 79' lang='lat' dir='ltr'><strong>inscribebatur</strong></span> <span class='ocrx_word' id='word_1_18' title='bbox 1419 689 1482 770; x_wconf 84' lang='lat' dir='ltr'><strong>„de</strong></span> <span class='ocrx_word' id='word_1_19' title='bbox 1504 692 1613 756; x_wconf 86' lang='lat' dir='ltr'><strong>matri·</strong></span> 
     </span>
     <span class='ocr_line' id='line_1_4' title="bbox 388 796 1613 882; baseline 0.004 -22"><span class='ocrx_word' id='word_1_20' title='bbox 388 796 526 880; x_wconf 88' lang='lat' dir='ltr'><strong>monio“,</strong></span> <span class='ocrx_word' id='word_1_21' title='bbox 550 797 701 880; x_wconf 86' lang='lat' dir='ltr'><strong>qnoniam</strong></span> <span class='ocrx_word' id='word_1_22' title='bbox 726 797 941 882; x_wconf 83' lang='lat' dir='ltr'><strong>Hieronymus</strong></span> <span class='ocrx_word' id='word_1_23' title='bbox 970 797 1041 882; x_wconf 88' lang='lat' dir='ltr'><strong>ipsc</strong></span> <span class='ocrx_word' id='word_1_24' title='bbox 1068 797 1149 862; x_wconf 86' lang='lat' dir='ltr'><strong>dicit</strong></span> <span class='ocrx_word' id='word_1_25' title='bbox 1181 818 1217 864; x_wconf 90' lang='lat' dir='ltr'><strong>se</strong></span> <span class='ocrx_word' id='word_1_26' title='bbox 1249 803 1381 863; x_wconf 88' lang='lat' dir='ltr'><strong>auctore</strong></span> <span class='ocrx_word' id='word_1_27' title='bbox 1413 818 1506 864; x_wconf 86' lang='lat' dir='ltr'><strong>nsum</strong></span> <span class='ocrx_word' id='word_1_28' title='bbox 1539 819 1613 865; x_wconf 90' lang='lat' dir='ltr'><strong>esse</strong></span> 
     </span>
     <span class='ocr_line' id='line_1_5' title="bbox 387 893 1609 990; baseline 0.003 -22"><span class='ocrx_word' id='word_1_29' title='bbox 387 905 528 986; x_wconf 82' lang='lat' dir='ltr'><strong>Seneca3</strong></span> <span class='ocrx_word' id='word_1_30' title='bbox 553 903 635 969; x_wconf 85' lang='lat' dir='ltr'><strong>conf.</strong></span> <span class='ocrx_word' id='word_1_31' title='bbox 659 902 732 972; x_wconf 88' lang='lat' dir='ltr'><strong>adv.</strong></span> <span class='ocrx_word' id='word_1_32' title='bbox 756 893 913 969; x_wconf 84' lang='lat' dir='ltr'><strong>Iovinian.</strong></span> <span class='ocrx_word' id='word_1_33' title='bbox 937 904 990 969; x_wconf 86' lang='lat' dir='ltr'><strong>lib.</strong></span> <span class='ocrx_word' id='word_1_34' title='bbox 1013 903 1029 967; x_wconf 97' lang='lat' dir='ltr'>I</span> <span class='ocrx_word' id='word_1_35' title='bbox 1052 925 1083 988; x_wconf 89' lang='lat' dir='ltr'><strong>p.</strong></span> <span class='ocrx_word' id='word_1_36' title='bbox 1108 906 1166 970; x_wconf 81' lang='lat'><strong>191</strong></span> <span class='ocrx_word' id='word_1_37' title='bbox 1187 905 1326 983; x_wconf 88' lang='lat' dir='ltr'><strong>(Seneca</strong></span> <span class='ocrx_word' id='word_1_38' title='bbox 1349 904 1395 969; x_wconf 91' lang='lat' dir='ltr'><strong>III</strong></span> <span class='ocrx_word' id='word_1_39' title='bbox 1418 925 1450 990; x_wconf 89' lang='lat' dir='ltr'><strong>p.</strong></span> <span class='ocrx_word' id='word_1_40' title='bbox 1475 906 1552 971; x_wconf 80' lang='lat'><strong>433.</strong></span> <span class='ocrx_word' id='word_1_41' title='bbox 1568 909 1609 972; x_wconf 89' lang='lat'><strong>81</strong></span> 
     </span>
     <span class='ocr_line' id='line_1_6' title="bbox 386 1010 1613 1096; baseline 0.003 -22"><span class='ocrx_word' id='word_1_42' title='bbox 386 1011 519 1088; x_wconf 86' lang='lat' dir='ltr'><strong>Haase):</strong></span> <span class='ocrx_word' id='word_1_43' title='bbox 549 1011 755 1096; x_wconf 89' lang='lat' dir='ltr'><strong>Scripserunt</strong></span> <span class='ocrx_word' id='word_1_44' title='bbox 777 1010 970 1078; x_wconf 79' lang='lat' dir='ltr'><strong>Aristoteles</strong></span> <span class='ocrx_word' id='word_1_45' title='bbox 993 1011 1186 1078; x_wconf 82' lang='lat' dir='ltr'><strong>Plutarchus</strong></span> <span class='ocrx_word' id='word_1_46' title='bbox 1216 1017 1249 1077; x_wconf 89' lang='lat' dir='ltr'><strong>et</strong></span> <span class='ocrx_word' id='word_1_47' title='bbox 1278 1018 1389 1078; x_wconf 90' lang='lat' dir='ltr'><strong>noster</strong></span> <span class='ocrx_word' id='word_1_48' title='bbox 1417 1012 1544 1078; x_wconf 86' lang='lat' dir='ltr'><strong>Seneca</strong></span> <span class='ocrx_word' id='word_1_49' title='bbox 1570 1012 1613 1079; x_wconf 92' lang='lat' dir='ltr'><strong>de</strong></span> 
     </span>
     <span class='ocr_line' id='line_1_7' title="bbox 387 1117 1612 1205; baseline 0.002 -23"><span class='ocrx_word' id='word_1_50' title='bbox 387 1118 590 1184; x_wconf 87' lang='lat' dir='ltr'><strong>matrimonio</strong></span> <span class='ocrx_word' id='word_1_51' title='bbox 611 1118 718 1204; x_wconf 82' lang='lat' dir='ltr'><strong>libros,</strong></span> <span class='ocrx_word' id='word_1_52' title='bbox 743 1117 923 1202; x_wconf 84' lang='lat' dir='ltr'><strong>exquibus</strong></span> <span class='ocrx_word' id='word_1_53' title='bbox 948 1126 979 1184; x_wconf 92' lang='lat' dir='ltr'><strong>et</strong></span> <span class='ocrx_word' id='word_1_54' title='bbox 1002 1119 1168 1203; x_wconf 81' lang='lat' dir='ltr'><strong>superiora</strong></span> <span class='ocrx_word' id='word_1_55' title='bbox 1192 1118 1345 1184; x_wconf 87' lang='lat' dir='ltr'><strong>nonnulla</strong></span> <span class='ocrx_word' id='word_1_56' title='bbox 1374 1125 1448 1184; x_wconf 90' lang='lat' dir='ltr'><strong>sunt</strong></span> <span class='ocrx_word' id='word_1_57' title='bbox 1477 1128 1510 1186; x_wconf 86' lang='lat' dir='ltr'><strong>et</strong></span> <span class='ocrx_word' id='word_1_58' title='bbox 1538 1120 1612 1205; x_wconf 85' lang='lat' dir='ltr'><strong>ista,</strong></span> 
     </span>
     <span class='ocr_line' id='line_1_8' title="bbox 387 1225 1613 1312; baseline 0.002 -22"><span class='ocrx_word' id='word_1_59' title='bbox 387 1245 470 1308; x_wconf 76' lang='lat' dir='ltr'><strong>quiae</strong></span> <span class='ocrx_word' id='word_1_60' title='bbox 494 1225 678 1293; x_wconf 79' lang='lat' dir='ltr'><strong>subicimus.</strong></span> <span class='ocrx_word' id='word_1_61' title='bbox 695 1261 735 1272; x_wconf 92' lang='lat'><em>-</em></span> <span class='ocrx_word' id='word_1_62' title='bbox 755 1226 828 1293; x_wconf 88' lang='lat' dir='ltr'><strong>Non</strong></span> <span class='ocrx_word' id='word_1_63' title='bbox 851 1225 948 1291; x_wconf 92' lang='lat' dir='ltr'><strong>nimis</strong></span> <span class='ocrx_word' id='word_1_64' title='bbox 971 1231 1079 1292; x_wconf 90' lang='lat' dir='ltr'><strong>autem</strong></span> <span class='ocrx_word' id='word_1_65' title='bbox 1093 1226 1323 1312; x_wconf 82' lang='lat' dir='ltr'><strong>Hieronymum</strong></span> <span class='ocrx_word' id='word_1_66' title='bbox 1343 1228 1489 1293; x_wconf 79' lang='lat' dir='ltr'><strong>Senecae</strong></span> <span class='ocrx_word' id='word_1_67' title='bbox 1511 1229 1613 1293; x_wconf 88' lang='lat' dir='ltr'><strong>verba</strong></span> 
     </span>
     <span class='ocr_line' id='line_1_9' title="bbox 385 1332 1610 1419; baseline 0.005 -24"><span class='ocrx_word' id='word_1_68' title='bbox 385 1332 572 1398; x_wconf 84' lang='lat' dir='ltr'><strong>immutasse</strong></span> <span class='ocrx_word' id='word_1_69' title='bbox 601 1332 676 1398; x_wconf 93' lang='lat' dir='ltr'><strong>indo</strong></span> <span class='ocrx_word' id='word_1_70' title='bbox 707 1333 825 1413; x_wconf 91' lang='lat' dir='ltr'><strong>elucet,</strong></span> <span class='ocrx_word' id='word_1_71' title='bbox 859 1332 945 1418; x_wconf 92' lang='lat' dir='ltr'><strong>quod</strong></span> <span class='ocrx_word' id='word_1_72' title='bbox 974 1332 1081 1417; x_wconf 89' lang='lat' dir='ltr'><strong>dictio,</strong></span> <span class='ocrx_word' id='word_1_73' title='bbox 1110 1354 1174 1417; x_wconf 89' lang='lat' dir='ltr'><strong>qua</strong></span> <span class='ocrx_word' id='word_1_74' title='bbox 1197 1334 1413 1419; x_wconf 86' lang='lat' dir='ltr'><strong>Hieronymus</strong></span> <span class='ocrx_word' id='word_1_75' title='bbox 1445 1334 1507 1400; x_wconf 93' lang='lat' dir='ltr'><strong>hoe</strong></span> <span class='ocrx_word' id='word_1_76' title='bbox 1540 1334 1610 1401; x_wconf 94' lang='lat' dir='ltr'><strong>loeo</strong></span> 
     </span>
     <span class='ocr_line' id='line_1_10' title="bbox 385 1439 1610 1526; baseline 0.003 -22"><span class='ocrx_word' id='word_1_77' title='bbox 385 1439 492 1524; x_wconf 90' lang='lat' dir='ltr'><strong>utitur,</strong></span> <span class='ocrx_word' id='word_1_78' title='bbox 512 1439 703 1523; x_wconf 89' lang='lat' dir='ltr'><strong>quibusdam</strong></span> <span class='ocrx_word' id='word_1_79' title='bbox 727 1440 808 1507; x_wconf 89' lang='lat' dir='ltr'><strong>loeis</strong></span> <span class='ocrx_word' id='word_1_80' title='bbox 831 1441 976 1525; x_wconf 84' lang='lat' dir='ltr'><strong>proxime</strong></span> <span class='ocrx_word' id='word_1_81' title='bbox 1000 1439 1126 1507; x_wconf 88' lang='lat' dir='ltr'><strong>aceedit</strong></span> <span class='ocrx_word' id='word_1_82' title='bbox 1149 1441 1192 1506; x_wconf 91' lang='lat' dir='ltr'><strong>ad</strong></span> <span class='ocrx_word' id='word_1_83' title='bbox 1217 1462 1289 1507; x_wconf 92' lang='lat' dir='ltr'><strong>eam</strong></span> <span class='ocrx_word' id='word_1_84' title='bbox 1313 1440 1493 1526; x_wconf 83' lang='lat' dir='ltr'><strong>dictionem,</strong></span> <span class='ocrx_word' id='word_1_85' title='bbox 1514 1463 1610 1525; x_wconf 89' lang='lat' dir='ltr'><strong>quam</strong></span> 
     </span>
     <span class='ocr_line' id='line_1_11' title="bbox 385 1546 1610 1635; baseline 0.002 -23"><span class='ocrx_word' id='word_1_86' title='bbox 385 1547 508 1612; x_wconf 82' lang='lat' dir='ltr'><strong>Seneca</strong></span> <span class='ocrx_word' id='word_1_87' title='bbox 532 1547 564 1610; x_wconf 90' lang='lat' dir='ltr'><strong>in</strong></span> <span class='ocrx_word' id='word_1_88' title='bbox 592 1547 683 1613; x_wconf 90' lang='lat' dir='ltr'><strong>libris</strong></span> <span class='ocrx_word' id='word_1_89' title='bbox 712 1546 756 1612; x_wconf 91' lang='lat' dir='ltr'><strong>ad</strong></span> <span class='ocrx_word' id='word_1_90' title='bbox 783 1555 925 1614; x_wconf 88' lang='lat' dir='ltr'><strong>nostram</strong></span> <span class='ocrx_word' id='word_1_91' title='bbox 953 1569 1057 1632; x_wconf 88' lang='lat' dir='ltr'><strong>nsque</strong></span> <span class='ocrx_word' id='word_1_92' title='bbox 1084 1549 1272 1614; x_wconf 84' lang='lat' dir='ltr'><strong>memoriam</strong></span> <span class='ocrx_word' id='word_1_93' title='bbox 1299 1549 1439 1614; x_wconf 86' lang='lat' dir='ltr'><strong>servatis</strong></span> <span class='ocrx_word' id='word_1_94' title='bbox 1466 1557 1610 1635; x_wconf 89' lang='lat' dir='ltr'><strong>usurpat.</strong></span> 
     </span>
     <span class='ocr_line' id='line_1_12' title="bbox 302 1654 1610 1742; baseline 0.001 -20"><span class='ocrx_word' id='word_1_95' title='bbox 302 1717 304 1722; x_wconf 89' lang='lat'><strong>.</strong></span> <span class='ocrx_word' id='word_1_96' title='bbox 385 1655 469 1721; x_wconf 85' lang='lat' dir='ltr'><strong>conf.</strong></span> <span class='ocrx_word' id='word_1_97' title='bbox 493 1675 521 1720; x_wconf 93' lang='lat' dir='ltr'><strong>e.</strong></span> <span class='ocrx_word' id='word_1_98' title='bbox 546 1673 582 1738; x_wconf 83' lang='lat' dir='ltr'><strong>g:</strong></span> <span class='ocrx_word' id='word_1_99' title='bbox 607 1654 805 1741; x_wconf 87' lang='lat' dir='ltr'><strong>Hieronym:</strong></span> <span class='ocrx_word' id='word_1_100' title='bbox 829 1655 912 1722; x_wconf 89' lang='lat' dir='ltr'><strong>haee</strong></span> <span class='ocrx_word' id='word_1_101' title='bbox 934 1661 992 1738; x_wconf 81' lang='lat' dir='ltr'><strong>(so.</strong></span> <span class='ocrx_word' id='word_1_102' title='bbox 1007 1654 1179 1741; x_wconf 85' lang='lat' dir='ltr'><strong>pudicitia)</strong></span> <span class='ocrx_word' id='word_1_103' title='bbox 1200 1676 1374 1742; x_wconf 81' lang='lat' dir='ltr'><strong>pauperem</strong></span> <span class='ocrx_word' id='word_1_104' title='bbox 1397 1656 1610 1742; x_wconf 88' lang='lat' dir='ltr'><strong>commendat,</strong></span> 
     </span>
     <span class='ocr_line' id='line_1_13' title="bbox 374 1762 1608 1850; baseline 0.005 -24"><span class='ocrx_word' id='word_1_105' title='bbox 374 1762 515 1828; x_wconf 69' lang='lat' dir='ltr'><strong>&#39;divitem</strong></span> <span class='ocrx_word' id='word_1_106' title='bbox 546 1762 684 1848; x_wconf 83' lang='lat' dir='ltr'><strong>extollit,</strong></span> <span class='ocrx_word' id='word_1_107' title='bbox 721 1766 890 1849; x_wconf 77' lang='lat' dir='ltr'><strong>deformem</strong></span> <span class='ocrx_word' id='word_1_108' title='bbox 922 1765 1061 1843; x_wconf 79' lang='lat' dir='ltr'><strong>redimit,</strong></span> <span class='ocrx_word' id='word_1_109' title='bbox 1099 1771 1235 1829; x_wconf 88' lang='lat' dir='ltr'><strong>oxornat</strong></span> <span class='ocrx_word' id='word_1_110' title='bbox 1265 1763 1443 1850; x_wconf 89' lang='lat' dir='ltr'><strong>pulchram.</strong></span> <span class='ocrx_word' id='word_1_111' title='bbox 1476 1765 1508 1833; x_wconf 91' lang='lat' dir='ltr'><strong>S.</strong></span> <span class='ocrx_word' id='word_1_112' title='bbox 1541 1772 1608 1832; x_wconf 88' lang='lat' dir='ltr'><strong>nat.</strong></span> 
     </span>
    </p>
   </div>
   <div class='ocr_carea' id='block_1_3' title="bbox 382 1869 1610 2604">
    <p class='ocr_par' dir='ltr' id='par_1_3' title="bbox 382 1869 1610 2604">
     <span class='ocr_line' id='line_1_14' title="bbox 384 1869 1610 1957; baseline 0.002 -22"><span class='ocrx_word' id='word_1_113' title='bbox 384 1877 508 1952; x_wconf 88' lang='lat' dir='ltr'><strong>quaest.</strong></span> <span class='ocrx_word' id='word_1_114' title='bbox 537 1871 619 1938; x_wconf 78' lang='lat'><strong>117.</strong></span> <span class='ocrx_word' id='word_1_115' title='bbox 644 1872 679 1936; x_wconf 84' lang='lat'><strong>4:</strong></span> <span class='ocrx_word' id='word_1_116' title='bbox 714 1869 886 1955; x_wconf 83' lang='lat' dir='ltr'><strong>formosus,</strong></span> <span class='ocrx_word' id='word_1_117' title='bbox 924 1878 959 1936; x_wconf 88' lang='lat' dir='ltr'><strong>ut</strong></span> <span class='ocrx_word' id='word_1_118' title='bbox 994 1873 1114 1937; x_wconf 88' lang='lat' dir='ltr'><strong>vitaret</strong></span> <span class='ocrx_word' id='word_1_119' title='bbox 1149 1871 1331 1950; x_wconf 78' lang='lat' dir='ltr'><strong>infamiam,</strong></span> <span class='ocrx_word' id='word_1_120' title='bbox 1365 1876 1542 1957; x_wconf 84' lang='lat' dir='ltr'><strong>deformis,</strong></span> <span class='ocrx_word' id='word_1_121' title='bbox 1574 1879 1610 1938; x_wconf 91' lang='lat' dir='ltr'><strong>ut</strong></span> 
     </span>
     <span class='ocr_line' id='line_1_15' title="bbox 384 1977 1607 2065; baseline 0.002 -23"><span class='ocrx_word' id='word_1_122' title='bbox 384 1977 481 2043; x_wconf 84' lang='lat' dir='ltr'><strong>sciret</strong></span> <span class='ocrx_word' id='word_1_123' title='bbox 507 1981 728 2045; x_wconf 76' lang='lat' dir='ltr'><strong>redimendum</strong></span> <span class='ocrx_word' id='word_1_124' title='bbox 757 2003 822 2046; x_wconf 84' lang='lat' dir='ltr'><strong>esse</strong></span> <span class='ocrx_word' id='word_1_125' title='bbox 853 1978 1025 2045; x_wconf 86' lang='lat' dir='ltr'><strong>virtutibus</strong></span> <span class='ocrx_word' id='word_1_126' title='bbox 1057 1978 1209 2063; x_wconf 87' lang='lat' dir='ltr'><strong>quicquid</strong></span> <span class='ocrx_word' id='word_1_127' title='bbox 1243 1981 1369 2065; x_wconf 90' lang='lat' dir='ltr'><strong>corpori</strong></span> <span class='ocrx_word' id='word_1_128' title='bbox 1401 1979 1540 2046; x_wconf 88' lang='lat' dir='ltr'><strong>deesset.</strong></span> <span class='ocrx_word' id='word_1_129' title='bbox 1566 2017 1607 2026; x_wconf 98' lang='lat'><strong>—</strong></span> 
     </span>
     <span class='ocr_line' id='line_1_16' title="bbox 384 2084 1610 2172; baseline 0.005 -24"><span class='ocrx_word' id='word_1_130' title='bbox 384 2084 580 2169; x_wconf 90' lang='lat' dir='ltr'><strong>Hieronym:</strong></span> <span class='ocrx_word' id='word_1_131' title='bbox 606 2087 681 2154; x_wconf 80' lang='lat' dir='ltr'><strong>bene</strong></span> <span class='ocrx_word' id='word_1_132' title='bbox 703 2096 841 2154; x_wconf 81' lang='lat' dir='ltr'><strong>meretur</strong></span> <span class='ocrx_word' id='word_1_133' title='bbox 860 2086 902 2153; x_wconf 93' lang='lat' dir='ltr'><strong>de</strong></span> <span class='ocrx_word' id='word_1_134' title='bbox 916 2087 1100 2172; x_wconf 88' lang='lat' dir='ltr'><strong>maioribus,</strong></span> <span class='ocrx_word' id='word_1_135' title='bbox 1119 2107 1253 2172; x_wconf 88' lang='lat' dir='ltr'><strong>quorum</strong></span> <span class='ocrx_word' id='word_1_136' title='bbox 1276 2086 1465 2172; x_wconf 84' lang='lat' dir='ltr'><strong>sanguinem</strong></span> <span class='ocrx_word' id='word_1_137' title='bbox 1491 2087 1610 2154; x_wconf 83' lang='lat' dir='ltr'><strong>furtiva</strong></span> 
     </span>
     <span class='ocr_line' id='line_1_17' title="bbox 384 2193 1608 2283; baseline 0.002 -24"><span class='ocrx_word' id='word_1_138' title='bbox 384 2193 495 2259; x_wconf 86' lang='lat' dir='ltr'><strong>sobole</strong></span> <span class='ocrx_word' id='word_1_139' title='bbox 517 2211 581 2257; x_wconf 93' lang='lat' dir='ltr'><strong>non</strong></span> <span class='ocrx_word' id='word_1_140' title='bbox 604 2193 705 2278; x_wconf 85' lang='lat' dir='ltr'><strong>vitiat,</strong></span> <span class='ocrx_word' id='word_1_141' title='bbox 733 2196 808 2260; x_wconf 84' lang='lat' dir='ltr'><strong>boue</strong></span> <span class='ocrx_word' id='word_1_142' title='bbox 832 2199 872 2261; x_wconf 81' lang='lat' dir='ltr'><strong>clo</strong></span> <span class='ocrx_word' id='word_1_143' title='bbox 900 2197 1026 2279; x_wconf 82' lang='lat' dir='ltr'><strong>liberis,</strong></span> <span class='ocrx_word' id='word_1_144' title='bbox 1055 2198 1171 2283; x_wconf 74' lang='lat' dir='ltr'><strong>pacibus</strong></span> <span class='ocrx_word' id='word_1_145' title='bbox 1199 2215 1260 2262; x_wconf 90' lang='lat' dir='ltr'><strong>nec</strong></span> <span class='ocrx_word' id='word_1_146' title='bbox 1288 2195 1330 2260; x_wconf 94' lang='lat' dir='ltr'><strong>de</strong></span> <span class='ocrx_word' id='word_1_147' title='bbox 1361 2202 1465 2262; x_wconf 86' lang='lat' dir='ltr'><strong>matre</strong></span> <span class='ocrx_word' id='word_1_148' title='bbox 1497 2196 1608 2262; x_wconf 90' lang='lat' dir='ltr'><strong>erube·</strong></span> 
     </span>
     <span class='ocr_line' id='line_1_18' title="bbox 383 2298 1609 2385; baseline 0.004 -20"><span class='ocrx_word' id='word_1_149' title='bbox 383 2298 535 2365; x_wconf 87' lang='lat' dir='ltr'><strong>scendum</strong></span> <span class='ocrx_word' id='word_1_150' title='bbox 560 2321 620 2366; x_wconf 93' lang='lat' dir='ltr'><strong>neo</strong></span> <span class='ocrx_word' id='word_1_151' title='bbox 644 2299 684 2365; x_wconf 92' lang='lat' dir='ltr'><strong>de</strong></span> <span class='ocrx_word' id='word_1_152' title='bbox 707 2307 799 2385; x_wconf 88' lang='lat' dir='ltr'><strong>patre</strong></span> <span class='ocrx_word' id='word_1_153' title='bbox 823 2299 1036 2366; x_wconf 88' lang='lat' dir='ltr'><strong>dubitandum</strong></span> <span class='ocrx_word' id='word_1_154' title='bbox 1059 2308 1117 2370; x_wconf 85' lang='lat' dir='ltr'><strong>eat.</strong></span> <span class='ocrx_word' id='word_1_155' title='bbox 1143 2303 1175 2367; x_wconf 87' lang='lat' dir='ltr'><strong>S.</strong></span> <span class='ocrx_word' id='word_1_156' title='bbox 1192 2300 1233 2368; x_wconf 92' lang='lat' dir='ltr'><strong>de</strong></span> <span class='ocrx_word' id='word_1_157' title='bbox 1252 2302 1344 2371; x_wconf 89' lang='lat' dir='ltr'><strong>elem.</strong></span> <span class='ocrx_word' id='word_1_158' title='bbox 1368 2304 1450 2371; x_wconf 86' lang='lat'><strong>113.</strong></span> <span class='ocrx_word' id='word_1_159' title='bbox 1474 2306 1509 2369; x_wconf 72' lang='grc' dir='ltr'><strong>ὗε</strong></span> <span class='ocrx_word' id='word_1_160' title='bbox 1534 2307 1609 2370; x_wconf 82' lang='lat' dir='ltr'><strong>bene</strong></span> 
     </span>
     <span class='ocr_line' id='line_1_19' title="bbox 382 2408 1608 2499; baseline 0.002 -25"><span class='ocrx_word' id='word_1_161' title='bbox 382 2431 415 2474; x_wconf 85' lang='lat' dir='ltr'><strong>se</strong></span> <span class='ocrx_word' id='word_1_162' title='bbox 442 2413 636 2475; x_wconf 67' lang='lat' dir='ltr'><strong>morilucrum</strong></span> <span class='ocrx_word' id='word_1_163' title='bbox 666 2415 702 2474; x_wconf 86' lang='lat' dir='ltr'><strong>dc</strong></span> <span class='ocrx_word' id='word_1_164' title='bbox 730 2410 840 2476; x_wconf 83' lang='lat' dir='ltr'><strong>liberis</strong></span> <span class='ocrx_word' id='word_1_165' title='bbox 869 2409 937 2474; x_wconf 86' lang='lat' dir='ltr'><strong>sois</strong></span> <span class='ocrx_word' id='word_1_166' title='bbox 966 2409 1103 2492; x_wconf 85' lang='lat' dir='ltr'><strong>quisque</strong></span> <span class='ocrx_word' id='word_1_167' title='bbox 1132 2429 1197 2475; x_wconf 91' lang='lat' dir='ltr'><strong>non</strong></span> <span class='ocrx_word' id='word_1_168' title='bbox 1225 2408 1360 2494; x_wconf 73' lang='lat' dir='ltr'><strong>dubitat,</strong></span> <span class='ocrx_word' id='word_1_169' title='bbox 1392 2413 1509 2499; x_wconf 81' lang='lat' dir='ltr'><strong>quibus</strong></span> <span class='ocrx_word' id='word_1_170' title='bbox 1541 2410 1608 2476; x_wconf 86' lang='lat' dir='ltr'><strong>talc</strong></span> 
     </span>
     <span class='ocr_line' id='line_1_20' title="bbox 384 2514 1607 2604; baseline 0.002 -24"><span class='ocrx_word' id='word_1_171' title='bbox 384 2514 546 2580; x_wconf 88' lang='lat' dir='ltr'><strong>saeculum</strong></span> <span class='ocrx_word' id='word_1_172' title='bbox 562 2514 749 2580; x_wconf 81' lang='lat' dir='ltr'><strong>ostenderit.</strong></span> <span class='ocrx_word' id='word_1_173' title='bbox 772 2551 809 2560; x_wconf 87' lang='lat'>—</span> <span class='ocrx_word' id='word_1_174' title='bbox 833 2515 1032 2601; x_wconf 88' lang='lat' dir='ltr'><strong>Hieronym:</strong></span> <span class='ocrx_word' id='word_1_175' title='bbox 1057 2516 1139 2582; x_wconf 92' lang='lat' dir='ltr'><strong>bene</strong></span> <span class='ocrx_word' id='word_1_176' title='bbox 1163 2516 1309 2604; x_wconf 88' lang='lat' dir='ltr'><strong>inprimis</strong></span> <span class='ocrx_word' id='word_1_177' title='bbox 1333 2516 1374 2582; x_wconf 91' lang='lat' dir='ltr'><strong>de</strong></span> <span class='ocrx_word' id='word_1_178' title='bbox 1398 2537 1443 2603; x_wconf 87' lang='lat' dir='ltr'><strong>se,</strong></span> <span class='ocrx_word' id='word_1_179' title='bbox 1466 2537 1564 2601; x_wconf 88' lang='lat' dir='ltr'><strong>quam</strong></span> <span class='ocrx_word' id='word_1_180' title='bbox 1587 2541 1607 2582; x_wconf 84' lang='lat' dir='ltr'><strong>a</strong></span> 
     </span>
    </p>
   </div>
   <div class='ocr_carea' id='block_1_4' title="bbox 380 2624 1607 3141">
    <p class='ocr_par' dir='ltr' id='par_1_4' title="bbox 380 2624 1607 3141">
     <span class='ocr_line' id='line_1_21' title="bbox 383 2624 1606 2710; baseline 0.005 -23"><span class='ocrx_word' id='word_1_181' title='bbox 383 2624 576 2688; x_wconf 89' lang='lat' dir='ltr'><strong>contumelia</strong></span> <span class='ocrx_word' id='word_1_182' title='bbox 608 2624 730 2688; x_wconf 85' lang='lat' dir='ltr'><strong>externi</strong></span> <span class='ocrx_word' id='word_1_183' title='bbox 760 2624 903 2708; x_wconf 89' lang='lat' dir='ltr'><strong>eorporis</strong></span> <span class='ocrx_word' id='word_1_184' title='bbox 936 2629 1087 2691; x_wconf 73' lang='lat' dir='ltr'><strong>uindicat.</strong></span> <span class='ocrx_word' id='word_1_185' title='bbox 1122 2626 1153 2691; x_wconf 87' lang='lat' dir='ltr'><strong>S.</strong></span> <span class='ocrx_word' id='word_1_186' title='bbox 1187 2624 1229 2689; x_wconf 91' lang='lat' dir='ltr'><strong>ad</strong></span> <span class='ocrx_word' id='word_1_187' title='bbox 1262 2626 1374 2710; x_wconf 90' lang='lat' dir='ltr'><strong>Polyb.</strong></span> <span class='ocrx_word' id='word_1_188' title='bbox 1410 2625 1452 2692; x_wconf 90' lang='lat' dir='ltr'><strong>de</strong></span> <span class='ocrx_word' id='word_1_189' title='bbox 1484 2626 1606 2693; x_wconf 91' lang='lat' dir='ltr'><strong>consol.</strong></span> 
     </span>
     <span class='ocr_line' id='line_1_22' title="bbox 381 2729 1604 2817; baseline 0.005 -24"><span class='ocrx_word' id='word_1_190' title='bbox 381 2729 445 2793; x_wconf 83' lang='grc' dir='ltr'><strong>ΧΠ</strong></span> <span class='ocrx_word' id='word_1_191' title='bbox 464 2735 491 2796; x_wconf 93' lang='lat' dir='ltr'><strong>l:</strong></span> <span class='ocrx_word' id='word_1_192' title='bbox 511 2734 550 2797; x_wconf 83' lang='lat' dir='ltr'><strong>ab</strong></span> <span class='ocrx_word' id='word_1_193' title='bbox 565 2729 627 2795; x_wconf 92' lang='lat' dir='ltr'><strong>hac</strong></span> <span class='ocrx_word' id='word_1_194' title='bbox 641 2737 672 2795; x_wconf 91' lang='lat' dir='ltr'><strong>to</strong></span> <span class='ocrx_word' id='word_1_195' title='bbox 687 2730 821 2795; x_wconf 80' lang='lat' dir='ltr'><strong>infamia</strong></span> <span class='ocrx_word' id='word_1_196' title='bbox 837 2736 977 2798; x_wconf 66' lang='lat' dir='ltr'><strong>ritmico.</strong></span> <span class='ocrx_word' id='word_1_197' title='bbox 993 2770 1037 2777; x_wconf 91' lang='lat'><strong>—</strong></span> <span class='ocrx_word' id='word_1_198' title='bbox 1052 2731 1254 2817; x_wconf 88' lang='lat' dir='ltr'><strong>Hieronym:</strong></span> <span class='ocrx_word' id='word_1_199' title='bbox 1273 2733 1358 2798; x_wconf 88' lang='lat' dir='ltr'><strong>hano</strong></span> <span class='ocrx_word' id='word_1_200' title='bbox 1371 2753 1446 2799; x_wconf 87' lang='lat' dir='ltr'><strong>rara</strong></span> <span class='ocrx_word' id='word_1_201' title='bbox 1461 2734 1546 2799; x_wconf 87' lang='lat' dir='ltr'><strong>inter</strong></span> <span class='ocrx_word' id='word_1_202' title='bbox 1560 2733 1604 2799; x_wconf 86' lang='lat' dir='ltr'><strong>fe-</strong></span> 
     </span>
     <span class='ocr_line' id='line_1_23' title="bbox 381 2835 1606 2928; baseline 0.007 -28"><span class='ocrx_word' id='word_1_203' title='bbox 381 2835 485 2903; x_wconf 89' lang='lat' dir='ltr'><strong>minas</strong></span> <span class='ocrx_word' id='word_1_204' title='bbox 509 2837 611 2904; x_wconf 82' lang='lat' dir='ltr'><strong>virtus</strong></span> <span class='ocrx_word' id='word_1_205' title='bbox 642 2840 743 2905; x_wconf 79' lang='lat' dir='ltr'><strong>ultius</strong></span> <span class='ocrx_word' id='word_1_206' title='bbox 771 2838 973 2903; x_wconf 87' lang='lat' dir='ltr'><strong>sacculorum</strong></span> <span class='ocrx_word' id='word_1_207' title='bbox 1001 2840 1139 2904; x_wconf 89' lang='lat' dir='ltr'><strong>onmium</strong></span> <span class='ocrx_word' id='word_1_208' title='bbox 1167 2839 1341 2905; x_wconf 89' lang='lat' dir='ltr'><strong>memoriae</strong></span> <span class='ocrx_word' id='word_1_209' title='bbox 1369 2864 1462 2928; x_wconf 80' lang='lat' dir='ltr'><strong>quom</strong></span> <span class='ocrx_word' id='word_1_210' title='bbox 1492 2852 1527 2907; x_wconf 86' lang='lat' dir='ltr'><strong>ut</strong></span> <span class='ocrx_word' id='word_1_211' title='bbox 1555 2868 1606 2908; x_wconf 79' lang='lat' dir='ltr'><strong>er-</strong></span> 
     </span>
     <span class='ocr_line' id='line_1_24' title="bbox 380 2945 1607 3036; baseline 0.002 -26"><span class='ocrx_word' id='word_1_212' title='bbox 380 2947 482 3013; x_wconf 80' lang='lat' dir='ltr'><strong>cidore</strong></span> <span class='ocrx_word' id='word_1_213' title='bbox 501 2950 619 3033; x_wconf 80' lang='lat' dir='ltr'><strong>possit,</strong></span> <span class='ocrx_word' id='word_1_214' title='bbox 644 2947 761 3031; x_wconf 76' lang='lat' dir='ltr'><strong>irrfiait.</strong></span> <span class='ocrx_word' id='word_1_215' title='bbox 782 2945 814 3013; x_wconf 92' lang='lat' dir='ltr'><strong>S.</strong></span> <span class='ocrx_word' id='word_1_216' title='bbox 836 2946 896 3030; x_wconf 85' lang='lat' dir='ltr'><strong>Hp.</strong></span> <span class='ocrx_word' id='word_1_217' title='bbox 913 2948 964 3013; x_wconf 74' lang='lat'><strong>75.</strong></span> <span class='ocrx_word' id='word_1_218' title='bbox 983 2949 1018 3012; x_wconf 74' lang='grc' dir='ltr'><strong>ἵε</strong></span> <span class='ocrx_word' id='word_1_219' title='bbox 1039 2946 1178 3033; x_wconf 83' lang='lat' dir='ltr'><strong>quando,</strong></span> <span class='ocrx_word' id='word_1_220' title='bbox 1198 2967 1282 3031; x_wconf 90' lang='lat' dir='ltr'><strong>quae</strong></span> <span class='ocrx_word' id='word_1_221' title='bbox 1301 2945 1465 3030; x_wconf 89' lang='lat' dir='ltr'><strong>didiceris,</strong></span> <span class='ocrx_word' id='word_1_222' title='bbox 1485 2952 1607 3036; x_wconf 75' lang='lat' dir='ltr'><strong>odfipes</strong></span> 
     </span>
     <span class='ocr_line' id='line_1_25' title="bbox 381 3052 997 3141; baseline 0.008 -26"><span class='ocrx_word' id='word_1_223' title='bbox 381 3052 437 3116; x_wconf 89' lang='lat' dir='ltr'><strong>tibi</strong></span> <span class='ocrx_word' id='word_1_224' title='bbox 463 3054 517 3137; x_wconf 80' lang='lat' dir='ltr'><strong>ita,</strong></span> <span class='ocrx_word' id='word_1_225' title='bbox 541 3064 575 3121; x_wconf 82' lang='lat' dir='ltr'><strong>ul</strong></span> <span class='ocrx_word' id='word_1_226' title='bbox 598 3058 740 3120; x_wconf 69' lang='lat' dir='ltr'><strong>excidere</strong></span> <span class='ocrx_word' id='word_1_227' title='bbox 763 3080 824 3120; x_wconf 84' lang='lat' dir='ltr'><strong>non</strong></span> <span class='ocrx_word' id='word_1_228' title='bbox 849 3056 997 3141; x_wconf 80' lang='lat' dir='ltr'><strong>possint?</strong></span> 
     </span>
    </p>
   </div>
   <div class='ocr_carea' id='block_1_5' title="bbox 375 3267 1605 4750">
    <p class='ocr_par' dir='ltr' id='par_1_5' title="bbox 380 3267 1605 3656">
     <span class='ocr_line' id='line_1_26' title="bbox 468 3267 1605 3354; baseline 0.004 -24"><span class='ocrx_word' id='word_1_229' title='bbox 468 3268 591 3350; x_wconf 89' lang='lat' dir='ltr'><strong>Itaque,</strong></span> <span class='ocrx_word' id='word_1_230' title='bbox 616 3269 766 3351; x_wconf 87' lang='lat' dir='ltr'><strong>quoniam</strong></span> <span class='ocrx_word' id='word_1_231' title='bbox 791 3275 941 3334; x_wconf 84' lang='lat' dir='ltr'><strong>constare</strong></span> <span class='ocrx_word' id='word_1_232' title='bbox 965 3267 1092 3333; x_wconf 84' lang='lat' dir='ltr'><strong>videtur</strong></span> <span class='ocrx_word' id='word_1_233' title='bbox 1116 3269 1344 3354; x_wconf 89' lang='lat' dir='ltr'><strong>Hieronymum</strong></span> <span class='ocrx_word' id='word_1_234' title='bbox 1374 3271 1441 3336; x_wconf 80' lang='lat' dir='ltr'><strong>fere</strong></span> <span class='ocrx_word' id='word_1_235' title='bbox 1469 3269 1513 3333; x_wconf 91' lang='lat' dir='ltr'><strong>ad</strong></span> <span class='ocrx_word' id='word_1_236' title='bbox 1536 3290 1605 3335; x_wconf 83' lang='lat' dir='ltr'><strong>ver-</strong></span> 
     </span>
     <span class='ocr_line' id='line_1_27' title="bbox 380 3375 1605 3463; baseline 0.003 -25"><span class='ocrx_word' id='word_1_237' title='bbox 380 3376 453 3439; x_wconf 88' lang='lat' dir='ltr'><strong>bum</strong></span> <span class='ocrx_word' id='word_1_238' title='bbox 487 3382 632 3440; x_wconf 88' lang='lat' dir='ltr'><strong>secutum</strong></span> <span class='ocrx_word' id='word_1_239' title='bbox 665 3395 738 3440; x_wconf 86' lang='lat' dir='ltr'><strong>esso</strong></span> <span class='ocrx_word' id='word_1_240' title='bbox 772 3375 916 3441; x_wconf 83' lang='lat' dir='ltr'><strong>Senecae</strong></span> <span class='ocrx_word' id='word_1_241' title='bbox 947 3376 1061 3440; x_wconf 88' lang='lat' dir='ltr'><strong>librum</strong></span> <span class='ocrx_word' id='word_1_242' title='bbox 1093 3376 1134 3441; x_wconf 92' lang='lat' dir='ltr'><strong>de</strong></span> <span class='ocrx_word' id='word_1_243' title='bbox 1163 3377 1364 3443; x_wconf 86' lang='lat' dir='ltr'><strong>matrimonio</strong></span> <span class='ocrx_word' id='word_1_244' title='bbox 1394 3376 1605 3463; x_wconf 89' lang='lat' dir='ltr'><strong>deperditum,</strong></span> 
     </span>
     <span class='ocr_line' id='line_1_28' title="bbox 380 3480 1603 3569; baseline 0.004 -24"><span class='ocrx_word' id='word_1_245' title='bbox 380 3481 477 3546; x_wconf 85' lang='lat' dir='ltr'><strong>aliurn</strong></span> <span class='ocrx_word' id='word_1_246' title='bbox 503 3480 647 3547; x_wconf 88' lang='lat' dir='ltr'><strong>eiusdem</strong></span> <span class='ocrx_word' id='word_1_247' title='bbox 671 3482 858 3567; x_wconf 91' lang='lat' dir='ltr'><strong>Hieronymi</strong></span> <span class='ocrx_word' id='word_1_248' title='bbox 883 3482 987 3547; x_wconf 94' lang='lat' dir='ltr'><strong>locum</strong></span> <span class='ocrx_word' id='word_1_249' title='bbox 1012 3504 1083 3548; x_wconf 91' lang='lat' dir='ltr'><strong>oum</strong></span> <span class='ocrx_word' id='word_1_250' title='bbox 1103 3484 1173 3549; x_wconf 91' lang='lat' dir='ltr'><strong>loco</strong></span> <span class='ocrx_word' id='word_1_251' title='bbox 1198 3483 1338 3569; x_wconf 90' lang='lat' dir='ltr'><strong>quodam</strong></span> <span class='ocrx_word' id='word_1_252' title='bbox 1359 3484 1509 3550; x_wconf 86' lang='lat' dir='ltr'><strong>Tacitino</strong></span> <span class='ocrx_word' id='word_1_253' title='bbox 1531 3505 1603 3550; x_wconf 93' lang='lat' dir='ltr'><strong>eon·</strong></span> 
     </span>
     <span class='ocr_line' id='line_1_29' title="bbox 380 3588 1013 3656; baseline 0.006 -5"><span class='ocrx_word' id='word_1_254' title='bbox 380 3588 462 3653; x_wconf 88' lang='lat' dir='ltr'><strong>ferre</strong></span> <span class='ocrx_word' id='word_1_255' title='bbox 486 3609 547 3653; x_wconf 93' lang='lat' dir='ltr'><strong>non</strong></span> <span class='ocrx_word' id='word_1_256' title='bbox 573 3609 651 3653; x_wconf 90' lang='lat' dir='ltr'><strong>sane</strong></span> <span class='ocrx_word' id='word_1_257' title='bbox 675 3588 832 3655; x_wconf 88' lang='lat' dir='ltr'><strong>audacius</strong></span> <span class='ocrx_word' id='word_1_258' title='bbox 855 3589 1013 3656; x_wconf 89' lang='lat' dir='ltr'><strong>videatur.</strong></span> 
     </span>
    </p>

    <p class='ocr_par' dir='ltr' id='par_1_6' title="bbox 375 3694 1604 4321">
     <span class='ocr_line' id='line_1_30' title="bbox 468 3694 1604 3785; baseline 0.007 -27"><span class='ocrx_word' id='word_1_259' title='bbox 468 3694 505 3763; x_wconf 83' lang='lat' dir='ltr'><strong>T.</strong></span> <span class='ocrx_word' id='word_1_260' title='bbox 530 3696 637 3779; x_wconf 83' lang='lat' dir='ltr'><strong>Agris.</strong></span> <span class='ocrx_word' id='word_1_261' title='bbox 662 3700 690 3763; x_wconf 83' lang='lat'><strong>6.</strong></span> <span class='ocrx_word' id='word_1_262' title='bbox 715 3699 749 3762; x_wconf 81' lang='lat'><strong>2:</strong></span> <span class='ocrx_word' id='word_1_263' title='bbox 774 3696 952 3762; x_wconf 88' lang='lat' dir='ltr'><strong>Domitiam</strong></span> <span class='ocrx_word' id='word_1_264' title='bbox 974 3697 1200 3777; x_wconf 79' lang='lat' dir='ltr'><strong>Deoidianam</strong></span> <span class='ocrx_word' id='word_1_265' title='bbox 1230 3699 1411 3785; x_wconf 89' lang='lat' dir='ltr'><strong>splendidis</strong></span> <span class='ocrx_word' id='word_1_266' title='bbox 1440 3700 1604 3766; x_wconf 88' lang='lat' dir='ltr'><strong>natalibus</strong></span> 
     </span>
     <span class='ocr_line' id='line_1_31' title="bbox 379 3802 1602 3887; baseline 0.005 -20"><span class='ocrx_word' id='word_1_267' title='bbox 379 3809 491 3887; x_wconf 90' lang='lat' dir='ltr'><strong>ortam,</strong></span> <span class='ocrx_word' id='word_1_268' title='bbox 515 3802 576 3867; x_wconf 90' lang='lat' dir='ltr'><strong>sibi</strong></span> <span class='ocrx_word' id='word_1_269' title='bbox 601 3802 717 3886; x_wconf 81' lang='lat' dir='ltr'><strong>iunxit3</strong></span> <span class='ocrx_word' id='word_1_270' title='bbox 746 3803 844 3887; x_wconf 88' lang='lat' dir='ltr'><strong>idque</strong></span> <span class='ocrx_word' id='word_1_271' title='bbox 873 3806 1110 3871; x_wconf 91' lang='lat' dir='ltr'><strong>matrimonium</strong></span> <span class='ocrx_word' id='word_1_272' title='bbox 1138 3806 1180 3871; x_wconf 88' lang='lat' dir='ltr'><strong>ad</strong></span> <span class='ocrx_word' id='word_1_273' title='bbox 1208 3807 1334 3871; x_wconf 89' lang='lat' dir='ltr'><strong>maiora</strong></span> <span class='ocrx_word' id='word_1_274' title='bbox 1360 3808 1475 3873; x_wconf 88' lang='lat' dir='ltr'><strong>nitenti</strong></span> <span class='ocrx_word' id='word_1_275' title='bbox 1504 3806 1602 3874; x_wconf 90' lang='lat' dir='ltr'><strong>decus</strong></span> 
     </span>
     <span class='ocr_line' id='line_1_32' title="bbox 378 3910 1602 4000; baseline 0.004 -25"><span class='ocrx_word' id='word_1_276' title='bbox 378 3930 418 3975; x_wconf 89' lang='lat' dir='ltr'><strong>ac</strong></span> <span class='ocrx_word' id='word_1_277' title='bbox 441 3911 536 3974; x_wconf 92' lang='lat' dir='ltr'><strong>robur</strong></span> <span class='ocrx_word' id='word_1_278' title='bbox 561 3910 629 3977; x_wconf 88' lang='lat' dir='ltr'><strong>fuit.</strong></span> <span class='ocrx_word' id='word_1_279' title='bbox 653 3912 864 3995; x_wconf 83' lang='lat' dir='ltr'><strong>vixeruntque</strong></span> <span class='ocrx_word' id='word_1_280' title='bbox 887 3913 968 3978; x_wconf 90' lang='lat' dir='ltr'><strong>mira</strong></span> <span class='ocrx_word' id='word_1_281' title='bbox 992 3913 1173 4000; x_wconf 87' lang='lat' dir='ltr'><strong>eoncordia,</strong></span> <span class='ocrx_word' id='word_1_282' title='bbox 1188 3936 1246 4000; x_wconf 90' lang='lat' dir='ltr'><strong>per</strong></span> <span class='ocrx_word' id='word_1_283' title='bbox 1268 3921 1410 3980; x_wconf 89' lang='lat' dir='ltr'><strong>mutuam</strong></span> <span class='ocrx_word' id='word_1_284' title='bbox 1435 3916 1602 3981; x_wconf 86' lang='lat' dir='ltr'><strong>caritatem</strong></span> 
     </span>
     <span class='ocr_line' id='line_1_33' title="bbox 378 4017 1602 4105; baseline 0.005 -22"><span class='ocrx_word' id='word_1_285' title='bbox 378 4024 411 4083; x_wconf 90' lang='lat' dir='ltr'><strong>et</strong></span> <span class='ocrx_word' id='word_1_286' title='bbox 434 4017 466 4081; x_wconf 93' lang='lat' dir='ltr'><strong>in</strong></span> <span class='ocrx_word' id='word_1_287' title='bbox 489 4018 590 4084; x_wconf 90' lang='lat' dir='ltr'><strong>vicem</strong></span> <span class='ocrx_word' id='word_1_288' title='bbox 616 4038 651 4084; x_wconf 88' lang='lat' dir='ltr'><strong>so</strong></span> <span class='ocrx_word' id='word_1_289' title='bbox 675 4019 911 4105; x_wconf 86' lang='lat' dir='ltr'><strong>anteponendo,</strong></span> <span class='ocrx_word' id='word_1_290' title='bbox 935 4021 997 4087; x_wconf 88' lang='lat' dir='ltr'><strong>nisi</strong></span> <span class='ocrx_word' id='word_1_291' title='bbox 1014 4020 1098 4104; x_wconf 89' lang='lat' dir='ltr'><strong>quod</strong></span> <span class='ocrx_word' id='word_1_292' title='bbox 1125 4028 1158 4089; x_wconf 84' lang='lat' dir='ltr'><strong>ia</strong></span> <span class='ocrx_word' id='word_1_293' title='bbox 1175 4025 1374 4091; x_wconf 74' lang='lat' dir='ltr'><strong>boaroaxore</strong></span> <span class='ocrx_word' id='word_1_294' title='bbox 1388 4034 1478 4091; x_wconf 82' lang='lat' dir='ltr'><strong>tuate</strong></span> <span class='ocrx_word' id='word_1_295' title='bbox 1497 4029 1602 4091; x_wconf 73' lang='lat' dir='ltr'><strong>anaim·</strong></span> 
     </span>
     <span class='ocr_line' id='line_1_34' title="bbox 378 4129 1602 4218; baseline 0.007 -28"><span class='ocrx_word' id='word_1_296' title='bbox 378 4129 461 4207; x_wconf 86' lang='lat' dir='ltr'><strong>lons,</strong></span> <span class='ocrx_word' id='word_1_297' title='bbox 485 4136 600 4214; x_wconf 71' lang='lat' dir='ltr'><strong>pecorile</strong></span> <span class='ocrx_word' id='word_1_298' title='bbox 624 4131 657 4193; x_wconf 82' lang='lat' dir='ltr'><strong>ia</strong></span> <span class='ocrx_word' id='word_1_299' title='bbox 682 4130 768 4193; x_wconf 73' lang='lat' dir='ltr'><strong>stralo</strong></span> <span class='ocrx_word' id='word_1_300' title='bbox 788 4131 866 4215; x_wconf 84' lang='lat' dir='ltr'><strong>plus</strong></span> <span class='ocrx_word' id='word_1_301' title='bbox 889 4132 1000 4215; x_wconf 83' lang='lat' dir='ltr'><strong>eulpae</strong></span> <span class='ocrx_word' id='word_1_302' title='bbox 1024 4139 1079 4195; x_wconf 82' lang='lat' dir='ltr'><strong>est.</strong></span> <span class='ocrx_word' id='word_1_303' title='bbox 1109 4129 1217 4212; x_wconf 78' lang='lat' dir='ltr'><strong>Agrie.</strong></span> <span class='ocrx_word' id='word_1_304' title='bbox 1243 4132 1272 4195; x_wconf 83' lang='lat'><strong>9.</strong></span> <span class='ocrx_word' id='word_1_305' title='bbox 1297 4131 1354 4195; x_wconf 82' lang='lat'><strong>23:</strong></span> <span class='ocrx_word' id='word_1_306' title='bbox 1380 4130 1492 4197; x_wconf 85' lang='lat' dir='ltr'><strong>consul</strong></span> <span class='ocrx_word' id='word_1_307' title='bbox 1519 4156 1602 4218; x_wconf 75' lang='lat' dir='ltr'><strong>epre-</strong></span> 
     </span>
     <span class='ocr_line' id='line_1_35' title="bbox 375 4232 1192 4321; baseline 0.002 -22"><span class='ocrx_word' id='word_1_308' title='bbox 375 4238 449 4319; x_wconf 81' lang='lat' dir='ltr'><strong>yioe</strong></span> <span class='ocrx_word' id='word_1_309' title='bbox 473 4244 539 4299; x_wconf 74' lang='lat' dir='ltr'><strong>titur</strong></span> <span class='ocrx_word' id='word_1_310' title='bbox 563 4239 632 4321; x_wconf 79' lang='lat' dir='ltr'><strong>spei</strong></span> <span class='ocrx_word' id='word_1_311' title='bbox 655 4232 754 4298; x_wconf 88' lang='lat' dir='ltr'><strong>tiliam</strong></span> <span class='ocrx_word' id='word_1_312' title='bbox 779 4233 887 4299; x_wconf 82' lang='lat' dir='ltr'><strong>iuveni</strong></span> <span class='ocrx_word' id='word_1_313' title='bbox 909 4234 985 4298; x_wconf 91' lang='lat' dir='ltr'><strong>mibi</strong></span> <span class='ocrx_word' id='word_1_314' title='bbox 1011 4234 1192 4320; x_wconf 89' lang='lat' dir='ltr'><strong>despondit.</strong></span> 
     </span>
    </p>

    <p class='ocr_par' dir='ltr' id='par_1_7' title="bbox 376 4340 1601 4750">
     <span class='ocr_line' id='line_1_36' title="bbox 466 4340 1599 4430; baseline 0.002 -26"><span class='ocrx_word' id='word_1_315' title='bbox 466 4341 650 4426; x_wconf 90' lang='lat' dir='ltr'><strong>Hieronym.</strong></span> <span class='ocrx_word' id='word_1_316' title='bbox 675 4340 747 4409; x_wconf 89' lang='lat' dir='ltr'><strong>adv.</strong></span> <span class='ocrx_word' id='word_1_317' title='bbox 778 4342 934 4407; x_wconf 81' lang='lat' dir='ltr'><strong>lovinion.</strong></span> <span class='ocrx_word' id='word_1_318' title='bbox 964 4343 1017 4408; x_wconf 91' lang='lat' dir='ltr'><strong>lib.</strong></span> <span class='ocrx_word' id='word_1_319' title='bbox 1041 4344 1056 4407; x_wconf 94' lang='grc' dir='ltr'>Ι</span> <span class='ocrx_word' id='word_1_320' title='bbox 1079 4364 1109 4428; x_wconf 91' lang='lat' dir='ltr'><strong>p.</strong></span> <span class='ocrx_word' id='word_1_321' title='bbox 1138 4347 1196 4409; x_wconf 79' lang='lat' dir='ltr'><strong>rol</strong></span> <span class='ocrx_word' id='word_1_322' title='bbox 1224 4343 1362 4430; x_wconf 88' lang='lat' dir='ltr'><strong>(Seneca</strong></span> <span class='ocrx_word' id='word_1_323' title='bbox 1390 4345 1437 4410; x_wconf 87' lang='lat'><strong>111</strong></span> <span class='ocrx_word' id='word_1_324' title='bbox 1465 4366 1497 4430; x_wconf 92' lang='lat' dir='ltr'><strong>p.</strong></span> <span class='ocrx_word' id='word_1_325' title='bbox 1525 4348 1599 4412; x_wconf 79' lang='lat'><strong>428.</strong></span> 
     </span>
     <span class='ocr_line' id='line_1_37' title="bbox 376 4447 1600 4538; baseline 0.002 -24"><span class='ocrx_word' id='word_1_326' title='bbox 376 4451 419 4514; x_wconf 82' lang='grc'><strong>45</strong></span> <span class='ocrx_word' id='word_1_327' title='bbox 445 4447 583 4535; x_wconf 89' lang='lat' dir='ltr'><strong>Haasc):</strong></span> <span class='ocrx_word' id='word_1_328' title='bbox 615 4456 646 4514; x_wconf 91' lang='lat' dir='ltr'><strong>et</strong></span> <span class='ocrx_word' id='word_1_329' title='bbox 670 4448 829 4533; x_wconf 88' lang='lat' dir='ltr'><strong>quomodo</strong></span> <span class='ocrx_word' id='word_1_330' title='bbox 854 4448 989 4515; x_wconf 89' lang='lat' dir='ltr'><strong>divitiae</strong></span> <span class='ocrx_word' id='word_1_331' title='bbox 1014 4450 1207 4517; x_wconf 90' lang='lat' dir='ltr'><strong>ethonores</strong></span> <span class='ocrx_word' id='word_1_332' title='bbox 1231 4460 1453 4538; x_wconf 89' lang='lat' dir='ltr'><strong>etcorporum</strong></span> <span class='ocrx_word' id='word_1_333' title='bbox 1482 4452 1600 4519; x_wconf 87' lang='lat' dir='ltr'><strong>sanita-</strong></span> 
     </span>
     <span class='ocr_line' id='line_1_38' title="bbox 377 4554 1601 4643; baseline 0.006 -22"><span class='ocrx_word' id='word_1_334' title='bbox 377 4562 427 4621; x_wconf 89' lang='lat' dir='ltr'><strong>tes</strong></span> <span class='ocrx_word' id='word_1_335' title='bbox 451 4567 483 4621; x_wconf 93' lang='lat' dir='ltr'><strong>et</strong></span> <span class='ocrx_word' id='word_1_336' title='bbox 507 4563 623 4639; x_wconf 88' lang='lat' dir='ltr'><strong>cetera,</strong></span> <span class='ocrx_word' id='word_1_337' title='bbox 647 4577 731 4640; x_wconf 86' lang='lat' dir='ltr'><strong>quae</strong></span> <span class='ocrx_word' id='word_1_338' title='bbox 755 4554 973 4623; x_wconf 83' lang='lat' dir='ltr'><strong>indifferentia</strong></span> <span class='ocrx_word' id='word_1_339' title='bbox 997 4559 1208 4643; x_wconf 85' lang='lat' dir='ltr'><strong>nominamus,</strong></span> <span class='ocrx_word' id='word_1_340' title='bbox 1236 4581 1296 4627; x_wconf 91' lang='lat' dir='ltr'><strong>nec</strong></span> <span class='ocrx_word' id='word_1_341' title='bbox 1319 4564 1399 4629; x_wconf 72' lang='lat' dir='ltr'><strong>boore</strong></span> <span class='ocrx_word' id='word_1_342' title='bbox 1427 4582 1488 4628; x_wconf 89' lang='lat' dir='ltr'><strong>nce</strong></span> <span class='ocrx_word' id='word_1_343' title='bbox 1515 4565 1601 4628; x_wconf 73' lang='lat' dir='ltr'><strong>rizolo</strong></span> 
     </span>
     <span class='ocr_line' id='line_1_39' title="bbox 378 4661 1600 4750; baseline 0.006 -24"><span class='ocrx_word' id='word_1_344' title='bbox 378 4669 451 4727; x_wconf 88' lang='lat' dir='ltr'><strong>sunt</strong></span> <span class='ocrx_word' id='word_1_345' title='bbox 476 4661 533 4727; x_wconf 89' lang='lat' dir='ltr'><strong>sed</strong></span> <span class='ocrx_word' id='word_1_346' title='bbox 559 4663 646 4727; x_wconf 86' lang='lat' dir='ltr'><strong>velut</strong></span> <span class='ocrx_word' id='word_1_347' title='bbox 670 4664 702 4727; x_wconf 94' lang='lat' dir='ltr'><strong>in</strong></span> <span class='ocrx_word' id='word_1_348' title='bbox 725 4663 905 4729; x_wconf 91' lang='lat' dir='ltr'><strong>meditullio</strong></span> <span class='ocrx_word' id='word_1_349' title='bbox 932 4665 1040 4750; x_wconf 90' lang='lat' dir='ltr'><strong>posita</strong></span> <span class='ocrx_word' id='word_1_350' title='bbox 1069 4687 1128 4733; x_wconf 89' lang='lat' dir='ltr'><strong>usu</strong></span> <span class='ocrx_word' id='word_1_351' title='bbox 1161 4673 1194 4732; x_wconf 91' lang='lat' dir='ltr'><strong>et</strong></span> <span class='ocrx_word' id='word_1_352' title='bbox 1223 4674 1338 4733; x_wconf 86' lang='lat' dir='ltr'><strong>eventu</strong></span> <span class='ocrx_word' id='word_1_353' title='bbox 1367 4672 1415 4736; x_wconf 81' lang='lat' dir='ltr'><strong>uel</strong></span> <span class='ocrx_word' id='word_1_354' title='bbox 1443 4672 1526 4737; x_wconf 82' lang='lat' dir='ltr'><strong>bona</strong></span> <span class='ocrx_word' id='word_1_355' title='bbox 1555 4671 1600 4734; x_wconf 78' lang='lat' dir='ltr'><strong>uel</strong></span> 
     </span>
    </p>
   </div>
   <div class='ocr_carea' id='block_1_6' title="bbox 0 0 1734 5200">
    <p class='ocr_par' dir='ltr' id='par_1_8' title="bbox 0 0 1734 5200">
     <span class='ocr_line' id='line_1_40' title="bbox 0 0 1734 5200; baseline 0 4"><span class='ocrx_word' id='word_1_356' title='bbox 0 0 1734 5200; x_wconf 95' lang='lat' dir='ltr'><strong> </strong></span> 
     </span>
    </p>
   </div>
  </div>
 </body>
</html>
