3459 5200
924 410 968 474 64

331 603 534 687 nonlicet,
565 603 641 668 nisi
674 604 869 686 genuinae
900 604 1095 669 vocalium
1127 603 1284 669 illarum
1315 604 1568 688 quantitates

332 709 557 775 immutatae
582 717 679 776 sunt
726 709 845 776 Contra
875 719 1019 776 veterum
1047 710 1131 776 enim
1162 731 1256 777 usum
1287 712 1455 796 pensitato
1486 720 1569 778 sunt

331 814 553 882 tantummodo
577 816 659 881 haec
680 818 851 902 vocabula,
877 837 1009 901 qnorum
1033 817 1182 902 syllabae
1205 817 1349 884 efficiunt
1371 818 1431 885 bos
1453 817 1564 904 pedes

333 923 498 990 metricos:

665 1123 690 1188 Ι.
735 1121 777 1186 ln
799 1121 949 1205 Ignatii
973 1121 1226 1187 carminibus:

422 1288 493 1346 letr.
519 1281 571 1366 36,
596 1285 617 1348 2
641 1286 740 1368 μισθῷ
764 1281 788 1346 δ’
812 1279 888 1347 ἑλὼν
911 1287 1060 1367 γέρανος
1082 1280 1147 1365 ᾔτει
1170 1285 1227 1367 τὴν
1250 1287 1338 1368 χάριν

272 1399 273 1405 ’
422 1395 493 1452 tetr.
523 1391 570 1473 17,
598 1392 612 1453 1
640 1391 777 1476 ἔλαφον
800 1385 963 1474 ἐξήλαυνον
987 1385 1014 1454 υἱ
1036 1393 1188 1475 κυνηγέται

423 1501 495 1558 tetr.
520 1496 573 1578 39,
600 1499 617 1560 l
641 1507 741 1581 περῶν
764 1500 924 1582 ποταμὸν
947 1501 1054 1584 φόρτον
1075 1493 1122 1582 ἦγ’
1149 1493 1234 1560 ἁλῶν
1259 1493 1329 1567 ὄνος

333 1618 413 1665 corr.
429 1599 572 1676 Mueller,
596 1599 673 1674 ἁλὸς
695 1601 763 1674 ὄνος
784 1601 872 1684 vulg.

423 1772 495 1881 teir.
520 1818 573 1900 51,
589 1777 619 1881 Ι4
642 1818 717 1899 πρὸς
739 1819 867 1880 θυσίαν
891 1819 948 1901 σὴν
970 1812 1014 1888 είς
1036 1817 1130 1887 θεοὺς
1152 1813 1230 1880 οἶνον
1254 1816 1359 1898 βλάσαι

423 1987 495 2095 teir.
523 2030 572 2114 13,
600 2033 614 2094 1
641 2027 720 2094 ἔθνει
742 2033 899 2112 γεράνων
922 2028 997 2115 crille
1020 2053 1063 2102 τις
1085 2030 1213 2114 σπορεὺς
1235 2033 1335 2116 πάγην

424 2143 495 2200 tetr.
522 2139 574 2215 28,
602 2140 618 2202 1
644 2141 740 2222 φέρων
763 2145 927 2224 ποταμοῦ
950 2137 1073 2222 πλησίον
1096 2139 1176 2201 κάων
1197 2141 1291 2220 κρέας

424 2244 456 2306 in
480 2241 595 2307 Adam.
624 2245 664 2308 15
687 2241 849 2330 Χερουβίμ,
874 2241 995 2330 Ἀρχὰς
1016 2245 1070 2307 καί
1091 2241 1252 2330 Σεραφίμ
1273 2245 1327 2307 καί
1349 2239 1484 2325 Θρόνους

424 2459 457 2522 in
480 2456 594 2521 Adam.
623 2460 684 2524 102
710 2457 741 2530 ἐξ
765 2453 800 2521 οὔ
825 2481 862 2544 με
886 2463 1079 2545 παρήπαφε
1101 2457 1246 2543 δυσγενὴς
1268 2455 1337 2543 ὄφις

334 2565 367 2639 ἐξ
391 2562 425 2632 ob
449 2569 630 2653 παρήπαφέν
654 2586 692 2652 με
715 2563 796 2630 coni.
820 2563 970 2647 Mueller3
999 2565 1038 2630 cl.
1063 2563 1284 2664 Appendicem
1306 2561 1331 2630 Ι.

333 2730 359 2738 -
374 2724 400 2741 ν
415 2722 574 2863 tet-rsit,
587 2738 619 2845 '2
642 2723 687 2864 ἣό
701 2722 959 2866 {isengrinum
981 2790 1037 2863 τῆς
1059 2777 1204 2860 ἀβουλίας

335 2886 542 2975 ἐξεμυκτήριζε
569 2886 652 2954 coni.
676 2886 810 2951 Mueller
833 2884 921 2951 baud
944 2884 1077 2967 insulse,
1106 2904 1181 2949 nam
1211 2881 1388 2949 identidem
1414 2881 1571 2966 Ignatius

337 2993 524 3079 imperfecto
548 3013 627 3059 nens
651 3000 701 3059 cst
725 2994 755 3059 in
780 2990 979 3058 tetrastichis
1001 3012 1031 3059 ν.
1057 3012 1087 3074 g.
1116 2994 1142 3075 1,
1167 2993 1196 3059 3.
1221 2992 1253 3075 ὃ,
1278 2994 1307 3059 2.
1331 2993 1363 3076 4,
1388 2995 1414 3055 1.
1430 2992 1461 3057 3.
1485 2992 1518 3073 6,
1532 2992 1569 3055 4.

336 3102 367 3185 8,
394 3102 410 3165 1
436 3100 530 3168 alias.

424 3222 655 3291 Emendundus
679 3232 728 3290 est
752 3243 881 3289 versus:

425 3357 496 3415 tctr.
524 3352 575 3433 16,
599 3350 621 3414 4
644 3361 774 3422 πτῶσις
795 3349 913 3414 ἐκείνων
937 3346 1014 3413 ἐστὶν
1035 3345 1121 3434 ἡμῶν
1145 3344 1165 3433 ἡ
1189 3352 1293 3420 στάσις

337 3470 448 3531 πτῶσις
472 3452 498 3520 δ’
522 3456 642 3522 ἐκείνων
666 3476 724 3521 suo
748 3456 816 3520 iore
840 3454 972 3539 scripsit
992 3454 1135 3520 Mueller.

427 3580 521 3657 Quod
544 3581 705 3667 iambicae
728 3580 818 3645 vocis
844 3580 918 3666 ἀνήρ
942 3581 1030 3665 prior
1053 3579 1182 3664 syllaba
1204 3577 1362 3665 producta
1385 3583 1436 3645 est

349 3729 352 3734 ·
426 3713 497 3771 teir.
523 3708 552 3785 l,
580 3709 596 3771 l
622 3704 772 3793 ἐρωμένας
795 3704 836 3770 db'
862 3704 941 3792 εἶχεν
964 3706 1054 3792 άνὴρ
1078 3704 1222 3791 ριξόθριξ,

339 3830 457 3897 nullius
480 3832 631 3896 momenti
655 3838 720 3916 est3
754 3829 913 3895 namhoc
942 3828 1028 3914 quod
1055 3829 1182 3896 mendis
1214 3835 1318 3896 scatet
1350 3825 1570 3894 tetrastichon

336 3938 370 4002 in
394 3957 466 4003 eam
489 3957 586 4021 quam
607 3938 765 4022 praebent
788 3937 948 4003 editiones
971 3938 1127 4020 vulgatae
1149 3937 1285 4002 formam
1308 3936 1350 4001 ab
1364 3933 1494 4019 Ignatio
1517 3953 1570 3999 re-

338 4044 467 4111 ductum
492 4064 565 4109 esse
587 4051 675 4111 recte
699 4044 832 4128 negavit
854 4044 989 4110 Mueller
1012 4044 1058 4127 (in
1081 4041 1217 4128 adnot).

623 4276 664 4342 Π.
712 4276 753 4341 1ο
776 4276 990 4343 Theodosii
1014 4276 1269 4342 carminibus:

426 4458 456 4540 2,
470 4413 521 4522 67
547 4458 674 4538 ἔβαλλον
696 4452 793 4521 αὐτῶν
817 4458 966 4527 πολλάκις
988 4459 1040 4519 καὶ
1062 4461 1223 4540 πατέρας

426 4563 458 4647 5,
483 4565 526 4629 92
549 4564 611 4627 ἐκεῖ
633 4567 672 4627 τά
695 4570 785 4629 τέκνα
808 4570 980 4647 πατέρας,
1004 4567 1057 4629 καί
1079 4568 1232 4647 πατέρες

427 4671 457 4753 3,
485 4671 545 4734 146
570 4670 641 4755 διψᾷ
665 4672 837 4755 σταλαγμὸν
862 4667 997 4742 ὕδατος
1019 4674 1196 4757 τετργμένυς
