3459 5200
937 357 981 422 34

852 447 1006 454 ——--.-
1016 449 1039 452 —
1060 447 1066 453 .

345 550 822 618 51515155551111.
856 551 966 636 (nats
992 553 1091 628 issa)
1122 571 1154 636 p.
1179 551 1244 617 rto
1274 503 1406 616 ineunte
1439 548 1577 616 1151115

345 680 377 744 p.
388 657 445 723 011.
468 657 571 744 primo
594 657 647 725 vel
669 658 769 744 paulo
793 657 897 742 post¹t
919 657 1043 723 Romae
1066 664 1170 722 artem
1194 657 1440 739 grammaticam
1463 654 1577 722 docuit

346 772 471 830 etcum
495 763 579 831 alios
605 764 705 830 lihros
737 771 804 830 tum
826 763 960 837 Ἰλιακὰς
990 771 1023 829 et
1045 763 1260 836 Ὀδυσσειωιὰς
1292 764 1461 848 προσῳδίας
1489 782 1578 828 com·

345 870 464 957 posuit,
488 891 570 955 quos
593 870 693 936 libros
716 870 838 937 Snidas
861 890 888 935 s.
906 891 938 936 ν.
963 868 1152 957 Πτολεμαῖος
1174 890 1238 935 uno
1261 869 1391 936 nomine
1411 867 1580 957 Ὁμηρικὴν

345 979 514 1063 προσῳδίαν
538 977 728 1064 appellavit.
775 977 825 1042 Ex
852 976 956 1043 Iliaca
977 975 1134 1061 prosodia
1161 983 1311 1061 superest
1337 996 1436 1042 unum
1463 974 1506 1042 de
1529 974 1580 1040 di·

345 1084 536 1150 chronorum
559 1105 620 1151 usn
642 1082 824 1168 frustulum,
849 1082 936 1167 quod
959 1083 1073 1169 procul
1096 1082 1194 1149 dnbio
1218 1102 1237 1149 e
1259 1083 1460 1169 plenioribus
1484 1081 1579 1148 scho-

345 1191 399 1258 liis
422 1191 607 1258 Homericis.
625 1189 806 1277 desumpsit
828 1189 1020 1258 Eustathiue
1042 1211 1075 1274 p.
1090 1191 1167 1272 556,
1182 1191 1225 1257 33
1249 1188 1416 1257 51111359
1440 1193 1474 1255 τὸ
1487 1188 1580 1276 ,ρίλει

345 1299 468 1365 ἐκτείνει
489 1302 543 1363 καὶ
566 1297 701 1364 ἐνταῦθα
722 1303 757 1364 τὸ
780 1310 836 1385 της
859 1297 1015 1386 ἀρχοίσης
1037 1299 1184 1384 δίχρονον,
1208 1296 1252 1370 ίος
1268 1300 1322 1361 καὶ
1334 1297 1366 1362 ἐν
1380 1308 1420 1382 τη
1434 1295 1458 1378 γ’
1472 1293 1583 1382 ῥαψῳ-

347 1405 439 1489 etc-²)
463 1408 537 1493 ool
558 1409 616 1490 νᾰν

440 1671 461 1738 ¹)
490 1672 523 1725 In
541 1670 648 1725 lubrica
666 1671 701 1724 de
720 1669 873 1726 Ptolemaei
888 1669 953 1724 -vita
970 1669 1132 1738 quaestione
1151 1669 1299 1725 tractanda
1315 1671 1386 1725 haec
1400 1668 1582 1723 dubitatione

346 1777 446 1816 vacare
464 1763 541 1829 puto.
579 1759 639 1825 Quo
657 1761 782 1828 tempore
801 1759 977 1814 Ptolemaeus
996 1758 1106 1822 vixerit,
1133 1758 1269 1813 traditum
1296 1762 1340 1813 est
1361 1757 1496 1827 Stephani
1522 1757 1581 1826 By·

347 1849 433 1904 aantii
453 1851 481 1904 st
499 1847 649 1902 Herodiani
668 1847 845 1917 fragmentim
864 1847 913 1903 sed
931 1847 958 1901 ei
976 1846 1051 1902 inter
1068 1864 1097 1902 55
1115 1847 1292 1904 11155511ίί551.
1328 1846 1485 1916 Stephanus
1502 1845 1539 1914 (5.
1550 1863 1582 1902 v.

348 1933 496 2005 Ἀσκάλων)
514 1953 577 1990 eum
595 1935 751 1990 Aristarchi
769 1935 856 2005 ipsius
879 1935 1047 2006 discipulum
1074 1935 1159 1991 fuisse
1185 1935 1292 2000 docuit;
1320 1935 1494 1990 Herodianus
1513 1952 1582 1990 enm

348 2027 493 2096 aliquanto
512 2029 575 2096 post
593 2025 786 2080 Aristarchum
804 2025 927 2080 floruisse
944 2025 1067 2096 putavit3
1092 2025 1126 2080 cf.
1145 2025 1299 2081 Herodiani
1322 2025 1407 2080 schol.
1426 2023 1463 2079 ad
1482 2021 1505 2074 A
1525 2023 1583 2078 636

348 2115 394 2179 (de
412 2131 478 2170 voce
499 2111 606 2182 ἄλλος)
635 2111 649 2164 ὁ
668 2111 862 2184 Ἀσκαλωνίτης
881 2110 950 2182 ψιλοὶ
969 2111 1012 2164 aci
1030 2130 1106 2185 φησιν
1120 2151 1126 2164 .
1142 2151 1170 2164 ..
1189 2110 1265 2164 πολὺ
1284 2112 1432 2183 πρότερον
1451 2110 1481 2163 dt
1498 2110 1582 2172 οὕτως

348 2204 392 2256 καί
406 2201 586 2274 Ἀρίσταρχος;
606 2203 642 2258 ad
660 2204 673 2257 I
692 2204 709 2258 6
728 2202 775 2270 (de
793 2219 860 2258 voce
879 2198 1042 2270 AMTAIXJ:
1062 2200 1154 2264 Νικίας
1171 2203 1215 2254 καί
1230 2199 1364 2272 Πάμφιλος
1382 2199 1512 2253 δασύνουσι
1526 2239 1555 2255 ..
1574 2240 1582 2251 .

348 2291 363 2344 ὁ
382 2291 407 2344 δὲ
425 2289 617 2362 Ἀσκαλωνίτης
634 2290 679 2342 sal
697 2287 720 2341 οί
738 2291 792 2362 περὶ
809 2289 950 2352 Ἀλοξίωνα
968 2288 1088 2360 detodoris,
1107 2289 1184 2342 πολὺ
1203 2288 1235 2342 dt
1252 2289 1403 2361 πρότερον
1420 2289 1465 2342 acl
1482 2287 1506 2341 51
1523 2291 1583 2359 aspi

349 2380 522 2453 Ἀρίσταρχον.
560 2381 601 2437 (tf.
620 2381 705 2436 etiam
723 2381 808 2437 schol.
828 2381 864 2436 ad
883 2382 906 2436 Ο
925 2383 968 2436 10.
1005 2380 1113 2437 Deinde
1130 2381 1410 2436 animadvertendum
1428 2385 1479 2446 est,
1498 2380 1523 2434 si
1541 2381 1583 2434 ab

349 2471 505 2527 Herodiano
524 2470 554 2524 in
573 2470 669 2526 eodem
688 2470 835 2526 enuntiato
853 2470 1009 2540 explicatur
1022 2470 1215 2526 Aristarchum
1233 2469 1308 2526 idem
1322 2470 1427 2525 sentire
1441 2487 1474 2524 ac
1488 2469 1582 2524 Ptole·

350 2578 461 2617 mesum
479 2563 509 2617 et
528 2559 697 2627 Alemonam,
726 2559 917 2616 Ptolemaeum
939 2577 995 2615 non
1017 2577 1074 2615 uua
1097 2578 1161 2615 cum
1178 2560 1339 2616 Aristarcho
1363 2559 1582 2623 commemorari.

350 2653 398 2707 sed
418 2650 560 2705 Alexionis
578 2668 680 2705 nomen
697 2666 805 2719 sempor
829 2650 995 2705 collocatum
1020 2666 1078 2705 esse
1096 2650 1170 2705 inter
1188 2650 1343 2705 Aristarchi
1370 2653 1399 2705 et
1427 2650 1583 2705 Ptolemaei

350 2740 475 2805 nomina;
495 2740 530 2795 cf.
550 2738 636 2794 schol.
654 2739 690 2794 ad
710 2736 732 2789 A
750 2740 812 2794 503.
832 2740 885 2793 852
903 2736 1071 2809 Ἀρίσταρχος
1089 2738 1133 2789 καὶ
1152 2734 1278 2799 Ἀλεξίων
1296 2738 1340 2789 sat
1358 2735 1584 2809 ὁἈσοιαλωνίσης

351 2832 380 2885 et
398 2828 506 2883 inverso
524 2828 619 2883 ordine
637 2828 722 2883 schol.
737 2827 773 2882 ad
792 2828 817 2882 K
833 2828 886 2883 134
904 2824 1123 2898 ίἈσοιαλωνίσης
1141 2828 1186 2879 rat
1199 2825 1327 2889 Ἀλεξίων
1344 2827 1388 2879 ναί
1402 2826 1581 2898 Ἀρίσταρχος.

351 2918 476 2985 Denique
494 2916 678 2981 Herodianus,
697 2916 745 2972 ubi
764 2917 957 2974 Ptolemaeum
974 2920 1003 2972 et
1018 2917 1180 2972 Alexionem
1198 2918 1229 2973 in
1241 2918 1338 2973 eodem
1350 2919 1496 2973 enuntiato
1509 2919 1583 2973 cita·

350 3006 400 3072 rit,
419 3006 499 3062 modo
516 3007 568 3061 1155
585 3005 682 3061 ordine
701 3003 715 3057 ί
734 3002 931 3076 Ἀσκαλωνίτης
948 3006 992 3057 acl
1011 3002 1137 3067 Ἀλεξίων
1155 3006 1200 3075 (51.
1219 3006 1334 3062 5511511
1353 3008 1380 3061 6.
1393 3008 1456 3063 QG.
1474 3008 1499 3062 Κ
1519 3008 1583 3063 134.

350 3092 371 3145 0
392 3095 433 3150 10.
452 3094 525 3163 309),
549 3095 630 3151 modo
653 3095 762 3149 inverso
780 3096 876 3149 ordine
895 3092 1020 3155 Ἀλεξίων
1037 3095 1082 3147 καί
1101 3094 1115 3146 ὁ
1134 3093 1328 3167 Ἀσκαλωνίτης
1354 3096 1400 3165 (cf.
1420 3097 1456 3152 ad
1475 3094 1499 3147 ,1
1517 3098 1583 3152 503.

350 3185 414 3250 652)
432 3202 497 3238 usus
516 3188 566 3239 est
603 3184 706 3239 Hx'his
726 3184 792 3239 locis
811 3185 999 3254 colligendum
1017 3190 1060 3240 est
1079 3184 1234 3240 Herodiano
1253 3186 1365 3254 quidem
1383 3186 1477 3241 iudice
1490 3186 1583 3241 Ptole

351 3290 463 3329 meeum
490 3273 574 3327 fuisse
602 3273 744 3328 Alexionis
773 3274 915 3341 aequalem
935 3274 953 3327 i.
973 3290 995 3327 e.
1014 3274 1123 3329 saeculo
1146 3292 1173 3343 p.
1192 3274 1241 3328 Ch.
1265 3274 1355 3343 primo
1383 3274 1507 3330 floruisse
1533 3276 1583 3341 (cf.

350 3362 388 3417 11.
408 3363 500 3430 Baege
517 3361 537 3417 l.
556 3363 574 3416 l.
593 3380 620 3431 p.
641 3362 712 3430 131).
750 3362 939 3417 Herodianum
957 3363 987 3416 iu
1006 3364 1161 3417 statnendis
1184 3364 1355 3433 temporibus
1380 3363 1531 3419 Ptolemaei
1550 3369 1584 3419 et

352 3450 500 3515 Alexionis,
520 3468 588 3519 quos
607 3450 681 3506 viror
700 3451 865 3507 clarissimos
881 3468 914 3506 ex
927 3451 1054 3506 omnibus
1070 3452 1262 3518 grammaticis
1276 3452 1439 3522 saepissime
1452 3452 1584 3509 laudavit

351 3538 397 3607 (cf.
417 3538 520 3595 Theod.
540 3540 668 3605 Beccard‚
692 3540 726 3594 de
745 3540 855 3595 scholiis
874 3540 905 3593 in
927 3540 1039 3595 Homeri
1062 3540 1179 3595 Iliadem
1198 3540 1313 3596 Venetis
1331 3543 1357 3595 A
1377 3540 1478 3610 [Berol.
1498 3542 1583 3610 1850)

352 3646 381 3697 p.
400 3628 432 3681 ‘ll
453 3631 482 3683 et
505 3628 626 3683 indicem
649 3632 793 3683 auctorum
816 3628 969 3683 Herodiani
996 3629 1178 3697 reliquiarum
1206 3630 1324 3684 editioni
1350 3630 1519 3685 Lentzisnae
1545 3632 1584 3686 ab

352 3715 486 3771 Arthurio
505 3717 639 3771 Ludwioh
658 3716 805 3785 additum),
825 3717 936 3789 egregie
954 3717 1017 3772 falli
1036 3718 1164 3786 equidem
1181 3718 1230 3773 rix
1247 3718 1418 3773 crediderim.
1438 3748 1473 3757 -
1490 3718 1584 3775 Ptole·

350 3805 425 3860 maei
443 3822 543 3860 nornen
561 3806 681 3875 primum
700 3806 780 3861 nobis
799 3806 918 3861 occurrit
936 3806 1010 3875 apud
1029 3806 1199 3863 Herennium
1218 3806 1363 3862 Philonem
1379 3808 1509 3876 Byblium
1521 3808 1586 3876 (sen

352 3894 531 3949 Ammonium
551 3914 572 3951 s.
582 3912 608 3951 ν.
619 3890 736 3964 σταφυλή
756 3898 785 3951 et
798 3892 896 3965 τρίετες,
916 3894 950 3950 (15
968 3913 1023 3963 qno
1041 3895 1076 3951 cf.
1096 3896 1177 3966 Leop.
1188 3895 1266 3950 Cohn
1283 3896 1313 3949 in
1327 3896 1453 3951 Berliner
1464 3897 1585 3953 Studien

351 3984 404 4038 vol.
424 3984 437 4037 Ι
457 3982 653 4053 [8111511864]
673 4003 699 4054 p.
714 3986 776 4040 611.
796 3986 849 4040 615
863 3985 943 4053 eqd),
963 3985 1062 4041 deinde
1079 3987 1155 4055 apud
1174 3985 1352 4056 Apollonium
1370 3986 1519 4055 Dyscolnm
1537 3989 1587 4055 (de

351 4090 476 4143 pronom.
493 4090 521 4143 p.
541 4074 583 4139 18,
603 4074 636 4127 81
661 4076 703 4129 ed.
723 4074 887 4141 Schneider)
916 4078 945 4129 et
971 4074 1140 4131 Nicanorem
1168 4074 1214 4141 (cf.
1238 4075 1322 4130 schol.
1340 4075 1378 4129 ad
1397 4079 1420 4130 A
1439 4076 1500 4130 211.
1519 4077 1587 4131 216.

354 4158 374 4211 Γ
394 4161 467 4229 155).
496 4190 528 4201 -
557 4163 598 4217 De
617 4163 734 4218 aliorum
753 4164 875 4219 virorum
892 4164 1037 4219 doctorum
1055 4163 1201 4219 sententiis
1220 4164 1253 4219 cf.
1273 4165 1345 4232 Aug.
1366 4165 1447 4230 Blau,
1465 4164 1499 4222 de
1518 4167 1586 4221 Ari-

350 4250 456 4305 starchi
476 4252 617 4321 discipulis
637 4252 729 4319 115555
749 4252 829 4321 1883)
848 4271 876 4322 p.
894 4254 929 4307 25
947 4270 1020 4321 sqq..

445 4357 466 4427 ¹)
484 4360 516 4413 In
535 4376 624 4414 errore
644 4362 770 4414 versatur
788 4360 961 4425 Hustathius‚
981 4378 1047 4415 nem
1065 4360 1096 4413 iu
1114 4359 1237 4414 carmine
1258 4356 1277 4409 Γ
1295 4360 1440 4418 vocativus
1458 4357 1515 4430 pits
1527 4380 1589 4417 non

352 4447 457 4517 legitur
475 4448 529 4502 nisi
549 4448 578 4503 in
593 4466 673 4504 versu
686 4450 744 4513 172,
760 4449 807 4503 sed
826 4454 953 4518 correpta
976 4450 1085 4518 syllaba
1108 4450 1210 4519 priore:
1230 4446 1325 4510 αἰδοῖός
1344 4448 1369 4500 τέ
1388 4467 1430 4519 μοι
1448 4447 1508 4511 ἐσσί,
1527 4448 1589 4517 ρὶλε

352 4534 432 4607 tropi,
452 4534 528 4599 δεινὸς
546 4554 571 4587 τε
592 4538 639 4605 (cf.
659 4538 736 4592 Hust.
760 4557 785 4607 p.
802 4540 909 4600 391132
925 4542 1008 4608 sqq.);
1028 4556 1119 4608 neque
1137 4540 1251 4607 reliquis
1270 4539 1400 4593 carminis
1421 4536 1440 4588 Γ
1459 4542 1591 4597 versibus

352 4624 410 4691 (11.
429 4628 471 4680 31.
494 4628 555 4681 130.
576 4629 635 4682 138,
656 4628 715 4681 162.
736 4628 795 4682 163.
821 4628 880 4682 192.
905 4630 965 4683 244.
985 4628 1060 4695 307),
1080 4628 1180 4696 quibus
1199 4628 1273 4682 aliae
1291 4628 1365 4682 vocis
1383 4626 1455 4697 ρίλος
1477 4629 1592 4687 formae
