3459 5200
704 427 746 494 13

205 625 240 688 Τ.
262 623 367 706 Agric.
394 626 421 688 l.
447 625 480 688 7:
506 621 733 688 celeberrimus
758 621 894 704 quisque
917 620 1047 703 ingenio
1071 618 1114 684 ad
1138 617 1338 704 prodendam

127 730 240 796 virtutis
270 729 456 796 memoriam
488 733 554 794 siae
584 731 686 811 pretio
718 737 773 794 eut
803 729 967 793 ambitione
996 728 1094 792 bonne
1122 734 1240 792 tuntum
1267 747 1337 791 oon-

125 840 253 902 sciettiue
276 839 377 921 pretio
410 834 598 902 ducebatur.
653 837 736 902 Anu.
760 834 869 902 1122.
893 838 931 899 4:
965 833 1007 897 de
1039 853 1075 898 se
1101 832 1182 898 nihil
1209 831 1339 896 addidit

126 943 417 1026 (sollemnibus),
431 949 518 1008 metu
532 941 676 1008 invidiae
692 963 734 1007 an
748 948 838 1008 ratus
857 944 1070 1006 commeatione
1077 943 1159 1024 facti
1171 943 1247 1005 sotis
1261 962 1336 1004 esse.

204 1084 233 1149 S.
265 1084 306 1150 de
338 1084 468 1151 cleml
504 1089 531 1151 1.
560 1090 592 1150 l:
631 1082 787 1160 Quamvis
819 1084 904 1148 enim
936 1089 1024 1148 recte
1057 1081 1215 1147 factorum
1241 1101 1338 1146 verus

123 1189 233 1258 fructus
257 1193 299 1258 sit
323 1191 450 1276 fecisse,
474 1211 534 1257 nee
557 1191 657 1256 ullum
679 1192 833 1256 virtutum
855 1191 994 1277 pretium
1014 1189 1147 1273 dignum
1165 1188 1231 1254 illis
1247 1195 1337 1254 extra

122 1297 204 1382 ipsas
227 1298 277 1384 sit,
302 1299 393 1364 iuvat
416 1299 575 1384 inspicere
600 1305 632 1363 et
651 1299 816 1364 circumire
835 1299 945 1363 bonum-
960 1300 1181 1362 concientiam.
1212 1295 1270 1380 Ep.
1286 1298 1337 1362 81.

124 1407 158 1470 19
178 1425 236 1488 sq.:
256 1405 564 1488 virtutnmomnium
579 1407 716 1490 pretium
735 1407 767 1469 iu
787 1405 868 1490 ipsis
889 1411 947 1471 est.
971 1424 1035 1468 non
1051 1403 1136 1469 enirn
1150 1408 1339 1469 exercentur

120 1510 158 1574 ad
179 1513 371 1598 praemium:
397 1519 485 1578 recte
509 1511 587 1577 iacti
610 1511 728 1578 fecisse
750 1532 874 1577 merces
894 1519 952 1578 eet.
1048 1531 1142 1576 nemo
1155 1509 1234 1574 mibi
1249 1508 1337 1574 vide·

120 1625 165 1682 tur
185 1620 287 1704 pluris
311 1619 485 1685 aestimare
509 1619 669 1696 virtutem,
693 1639 787 1684 nemo
811 1618 859 1683 illi
878 1619 984 1702 magis
1001 1637 1075 1684 esse
1090 1617 1227 1683 deuotus
1242 1637 1338 1699 quam

121 1726 167 1808 qui
188 1727 263 1791 boni
287 1727 346 1791 viri
370 1726 488 1790 famam
521 1724 677 1810 perdidit,
711 1746 752 1790 ne
781 1728 995 1790 conscientiam
1021 1723 1181 1810 perderet.
1206 1724 1338 1789 devita

119 1833 206 1897 beata
229 1833 277 1898 lX
294 1839 329 1898 4:
354 1835 468 1917 Itaque
493 1852 590 1916 erras,
615 1852 687 1897 cum
710 1833 902 1916 interrogas,
926 1830 1002 1915 quid
1028 1831 1071 1897 sit
1094 1829 1184 1915 illud,
1207 1839 1339 1916 propter

117 1939 196 2021 quod
221 1941 372 2006 virtutem
395 1947 518 2024 petam:
548 1939 677 2022 quaeris
704 1938 787 2004 enirn
812 1938 934 2022 aliquid
959 1959 1057 2023 supra
1086 1958 1252 2005 summum.
1291 1937 1337 2002 in·

117 2055 265 2132 terrogas,
292 2045 368 2130 qnid
393 2054 501 2132 petam
526 2067 566 2111 ex
589 2046 727 2114 virtute?
752 2046 873 2132 ipsam3
898 2045 977 2109 nibil
998 2045 1082 2111 enim
1101 2045 1201 2110 babet
1215 2044 1338 2127 melius,

116 2161 162 2218 est
183 2154 254 2238 ipsa
279 2155 416 2240 pretium
442 2154 499 2220 sni.
524 2154 565 2218 de
586 2162 688 2237 tranq.
705 2173 757 2221 an.
773 2153 871 2218 1114:
896 2158 1050 2235 quantum
1064 2153 1205 2235 gratuito
1220 2151 1337 2216 bonum

117 2259 155 2324 sit
177 2263 254 2326 bonu
278 2261 471 2326 conscientie.
501 2259 542 2324 de
570 2259 675 2328 benef.
699 2260 745 2325 VI
767 2262 820 2328 42.
846 2261 881 2326 2:
915 2259 1001 2324 Male
1030 2259 1113 2343 agit,
1148 2259 1202 2341 qui
1218 2264 1337 2343 samoe,

113 2389 170 2432 ooo
193 2371 404 2451 concientiae,
427 2373 539 2450 gratim
564 2373 629 2448 est:
653 2367 696 2432 ib.
721 2365 765 2432 IV
794 2369 843 2432 12.
866 2368 903 2446 ῖς
937 2365 978 2432 de
1001 2366 1069 2430 vita
1092 2366 1191 2430 beata
1212 2365 1277 2430 XX
1299 2368 1336 2430 4:

113 2474 196 2540 Nihil
220 2479 373 2561 opinionis
388 2495 497 2558 causa,
513 2474 621 2538 omnia
635 2477 836 2539 cmuciottiue
850 2471 978 2538 faciam.
1003 2473 1066 2558 Ep.
1080 2475 1132 2538 23.
1145 2475 1164 2538 6
1181 2492 1244 2555 sq.:
1269 2472 1335 2537 veri

113 2581 183 2647 boni
204 2583 348 2650 aviditas
364 2589 433 2648 tuta
450 2588 508 2651 est.
547 2581 625 2666 quid
643 2582 685 2648 sit
700 2581 796 2660 istud,
822 2581 1013 2665 interrogas,
1032 2588 1088 2646 aut
1101 2579 1187 2646 unde
1201 2581 1336 2647 subeat?

112 2687 227 2756 dicam:
253 2713 296 2757 ex
319 2693 398 2757 bona
420 2692 610 2755 coascioctt'o.
634 2689 693 2774 Ep.
713 2692 785 2756 113.
803 2692 861 2755 32:
886 2688 940 2773 qui
959 2688 1108 2753 virtutem
1129 2709 1221 2754 suam
1234 2686 1337 2771 publi-

112 2799 174 2863 cari
198 2800 277 2884 uult,
311 2819 374 2863 non
397 2796 508 2862 virtuti
531 2798 667 2881 laborat,
701 2796 759 2862 scd
787 2798 918 2880 ploriae5
951 2796 992 2861 de
1021 2794 1126 2861 benef.
1156 2795 1199 2859 lV
1223 2798 1276 2863 21..
1301 2798 1335 2877 63

110 2914 172 2973 nat.
197 2911 327 2989 quaest.
350 2904 394 2969 IV
418 2903 521 2989 praef.
551 2908 604 2985 153
630 2902 836 2969 demonibus
862 2905 935 2969 134.

195 3155 283 3221 lllnd
307 3155 404 3221 etiam
423 3154 511 3239 apud
529 3160 706 3235 utrumque,
723 3160 756 3219 et
772 3152 932 3219 Senecam
950 3159 982 3217 et
997 3151 1156 3230 Tacitum,
1177 3151 1338 3217 invenitur

108 3261 272 3330 honesto
296 3261 441 3327 homini
465 3281 537 3327 non
566 3259 662 3326 adeo
692 3260 811 3325 vitam
839 3257 1039 3325 amandam
1066 3278 1167 3335 esse,
1201 3266 1339 3324 utnon

107 3378 266 3437 mortem
290 3368 503 3455 praeierat,
528 3368 561 3435 si
585 3388 710 3433 rerum
733 3367 915 3433 condicio
940 3386 985 3432 ea
1009 3366 1072 3450 sit,
1100 3373 1140 3431 ut
1166 3365 1338 3433 melioris

105 3484 235 3543 status
261 3497 352 3561 spes
376 3476 427 3543 sit
450 3476 594 3543 ablata.

195 3621 235 3687 T.
261 3621 342 3687 Ann.
367 3618 473 3688 1163.
502 3620 558 3684 13:
585 3626 617 3684 et
640 3615 857 3682 Maroboduus
887 3615 1016 3700 quidem
1045 3616 1221 3681 &vennae
1247 3616 1338 3681 babi-

104 3734 164 3811 tus,
195 3727 225 3793 si
257 3726 387 3811 quando
412 3726 644 3791 insolescerent
675 3724 786 3807 Suebi,
818 3724 913 3807 quasi
946 3722 1107 3789 rediturus
1138 3722 1172 3788 in
1203 3743 1337 3807 regnum

104 3835 349 3900 ostentabatur:
375 3833 434 3899 sed
458 3852 521 3898 non
546 3832 688 3898 excessit
711 3831 808 3897 ltalia
827 3852 887 3918 per
907 3830 1131 3914 duodeviginti
1147 3850 1249 3896 annos
1265 3852 1337 3897 con·

104 3942 281 4025 senuitqne
305 3940 438 4007 multum
463 3939 631 4005 imminuta
655 3938 803 4004 claritate
826 3940 863 4003 ot
882 3942 1009 4004 nimiam
1026 3940 1146 4003 acardi
1158 3941 1337 4023 crepidinem.

103 4048 185 4114 Ann.
202 4048 255 4115 IV
278 4050 332 4116 50.
348 4052 383 4114 b:
409 4068 428 4112 e
451 4048 586 4112 ducibus
600 4045 716 4112 Dinis.
732 4098 739 4113 .
754 4098 761 4113 .
777 4044 930 4131 ponenda
954 4066 1053 4129 arma,
1077 4066 1174 4110 unum
1197 4044 1337 4109 adflictis

103 4154 136 4218 id
170 4154 354 4222 remedium
387 4154 582 4239 disserebat,
614 4154 798 4238 primusque
832 4171 868 4219 se
900 4172 971 4217 cum
999 4153 1137 4235 coniuge
1165 4159 1198 4216 et
1227 4151 1337 4217 liberis

101 4264 222 4328 victori
250 4262 410 4348 permisit:
436 4262 539 4329 secuti
562 4267 671 4327 aetate
696 4268 751 4325 arrt
776 4281 856 4326 sexu
879 4260 1020 4326 inbecilli
1045 4266 1078 4324 et
1101 4258 1216 4342 quibus
1235 4259 1338 4323 maior

101 4374 182 4437 ottae
209 4390 309 4454 quam
333 4369 458 4453 gloriae
481 4370 599 4453 opido.
624 4367 706 4435 Ann.
731 4367 809 4432 XVI
837 4371 886 4435 16.
911 4370 945 4434 6:
980 4386 1083 4449 neque
1107 4366 1204 4430 aliam
1229 4364 1338 4431 defen·

101 4478 235 4543 sionem
260 4477 301 4542 ab
326 4477 368 4543 iis
392 4476 507 4565 quibus
530 4475 594 4541 ista
618 4481 791 4540 noscentur
820 4476 995 4558 exegerim,
1024 4494 1120 4557 quam
1148 4492 1188 4538 nc
1216 4472 1338 4539 oderim

99 4591 167 4651 tam
193 4588 333 4669 aequiter
355 4591 536 4670 pereuntes.
560 4586 654 4663 (Ann.
680 4582 756 4647 XIV
780 4585 909 4649 oa11:
934 4582 1091 4664 effugeret
1110 4600 1243 4663 segnem
1257 4601 1337 4646 mor-

98 4700 175 4777 tem,
202 4692 347 4759 sontium
370 4690 567 4775 suffugium.)
