3459 5200
977 385 1018 450 72

891 476 961 482 Μ.
993 474 1103 482 --.

383 578 518 645 Mueller
544 579 762 663 (Nachtraege
792 601 846 645 zur
869 581 1004 665 plautio.
1034 580 1191 646 Prosodie
1212 601 1243 664 p.
1268 583 1320 645 36.
1344 586 1386 657 l):
1417 606 1550 668 cererique
1573 607 1614 646 cr·

383 692 543 755 corrrruode
568 694 652 754 rnori
676 713 740 755 eree
764 691 915 754 licuisset.
941 688 1024 754 conf.
1051 688 1082 752 S.
1106 696 1170 752 nat.
1195 697 1319 771 quaest.
1345 688 1373 751 V
1400 691 1449 754 18.
1466 693 1501 753 8:
1528 709 1613 752 enre-

385 794 436 858 tiri
460 795 576 878 cuique
604 815 706 859 annos
735 815 810 859 suos
839 820 876 860 ee
904 799 1066 860 cernnredo
1096 799 1166 860 lr'cct
1197 803 1229 859 et
1257 793 1299 858 ad
1329 804 1527 859 senectutem
1558 795 1613 858 de-

385 921 521 969 currere.
544 901 603 986 Ep.
628 903 681 968 46.
710 906 742 966 1:
766 901 899 966 Librum
923 908 1020 985 tuum,
1050 921 1144 984 quern
1166 902 1245 965 milri
1269 901 1473 986 promiseras,
1498 901 1613 985 accepi

386 1016 418 1072 et
442 1015 607 1092 tamquam
631 1007 773 1074 lecturus
798 1033 835 1074 ea
858 1013 1019 1075 cerrrmede
1044 1007 1201 1093 adaperui
1226 1027 1265 1072 ae
1288 1015 1412 1073 tantum
1436 1007 1615 1090 degustare

384 1114 482 1182 volui.
514 1116 573 1200 Ep.
598 1117 703 1182 49.6:
737 1115 841 1182 securi
875 1123 925 1180 est
958 1122 991 1179 et
1022 1139 1061 1181 ec
1092 1120 1253 1182 courruodo
1286 1114 1456 1198 migrantis
1488 1116 1615 1178 nrieuta

387 1221 582 1305 conquirere.
607 1223 643 1287 Τ.
666 1222 747 1286 Anu.
771 1221 849 1287 XIII
873 1224 905 1288 9.
924 1225 960 1287 4:
990 1242 1053 1304 quo
1082 1221 1200 1288 bellum
1230 1249 1266 1288 ec
1289 1231 1446 1290 corumede
1469 1231 1614 1306 pararet.

474 1327 562 1396 XIV.
597 1329 628 1395 S.
662 1329 721 1414 Ep.
747 1331 798 1396 72.
825 1332 858 1395 u:
892 1329 1016 1412 Dicam,
1040 1329 1200 1411 quomodo
1223 1330 1398 1412 intellegas
1422 1349 1551 1395 sanum:
1584 1335 1616 1395 si

386 1461 417 1503 sc
440 1442 511 1523 ipse
536 1441 703 1502 contentus
728 1443 786 1512 est,
813 1435 840 1501 si
865 1434 998 1500 confidit
1021 1436 1092 1520 sibi,
1121 1437 1148 1502 si
1173 1437 1235 1501 scit
1258 1436 1365 1500 omnia
1393 1443 1468 1500 vota
1496 1445 1616 1501 meua-

388 1543 473 1627 lium,
498 1543 604 1607 omnia
627 1542 795 1627 beneficia,
819 1562 903 1625 quae
927 1541 1044 1607 dantur
1067 1551 1290 1627 petunturque,
1315 1543 1436 1607 nullum
1459 1543 1493 1607 in
1516 1544 1617 1608 beata

387 1650 455 1715 vita
478 1649 598 1714 habere
621 1655 825 1716 momentum.
849 1669 924 1713 nam
949 1650 999 1714 eui
1023 1649 1147 1732 aliquid
1171 1649 1329 1714 accedere
1359 1657 1476 1734 potest,
1503 1650 1540 1715 id
1568 1652 1615 1716 in-

302 1768 305 1772 ’
387 1756 565 1842 perlectum
590 1765 649 1824 est.
679 1756 729 1821 eui
753 1754 877 1839 aliquid
900 1755 1080 1822 abscedere
1102 1763 1220 1841 potest,
1244 1755 1278 1820 id
1300 1756 1525 1842 inperpetuum
1549 1765 1614 1823 est:

388 1865 478 1930 euius
502 1869 659 1948 perpetua
682 1862 788 1927 futura
811 1862 938 1927 laetitia
962 1869 1020 1942 est,
1044 1864 1073 1928 is
1097 1889 1154 1931 sao
1179 1863 1332 1947 gandeat.

477 1970 612 2036 Conlato
633 1969 707 2035 loeo
732 1969 790 2053 Ep.
816 1971 868 2038 23.
893 1972 928 2035 6:
945 1969 989 2033 ad
1013 1990 1123 2034 verum
1146 1971 1261 2035 bonrum
1287 1978 1400 2054 specta
1430 1978 1462 2036 et
1492 1976 1532 2038 de
1560 1984 1616 2038 tuo

387 2083 501 2167 quade.
527 2077 603 2160 quid
629 2085 807 2142 astantem
831 2076 893 2142 hoe
917 2081 955 2143 de
978 2082 1057 2144 leco?
1079 2086 1108 2142 te
1131 2080 1201 2164 ipso
1231 2085 1264 2143 ot
1290 2077 1336 2142 tui
1361 2078 1483 2162 optima
1505 2088 1616 2162 parte:

388 2185 513 2250 conicio
534 2183 736 2250 scribendum
756 2203 843 2250 esse:
869 2189 899 2251 is
923 2188 962 2250 de
985 2208 1043 2251 suo
1065 2189 1221 2269 poadeet,
1244 2205 1437 2267 quamquam
1461 2184 1504 2267 id,
1529 2186 1617 2268 qnod

389 2291 535 2357 codicum
558 2310 717 2357 consensu
741 2289 894 2356 traditum
917 2298 976 2374 est,
1000 2291 1075 2355 ferri
1100 2311 1198 2375 posse
1223 2291 1374 2356 concedo.

477 2399 545 2466 XV.
585 2398 618 2464 S.
653 2397 712 2483 Ep.
746 2400 798 2466 89.
828 2399 886 2465 21:
927 2399 1120 2480 ubicumque
1157 2399 1190 2462 in
1222 2398 1361 2481 aliquem
1396 2399 1500 2464 slsum
1538 2399 1616 2465 litus

390 2507 581 2591 curvabitur,
612 2525 669 2571 vos
697 2504 843 2590 protinus
868 2505 1077 2570 fundamenta
1105 2509 1235 2591 societis
1267 2526 1327 2570 nee
1362 2507 1502 2572 contenti
1536 2507 1617 2591 solo,

389 2616 451 2681 elsi
476 2614 562 2698 quod
585 2634 681 2678 manu
706 2612 855 2696 feceritis,
879 2634 968 2678 mare
992 2613 1099 2695 agetis
1122 2615 1288 2679 introrsus
1554 2619 1556 2621 ’

478 2722 531 2788 Sie
554 2720 686 2785 Fickert
709 2727 740 2785 et
768 2720 880 2787 Haase
909 2720 1053 2787 scribunt
1085 2720 1224 2804 optimos
1259 2722 1360 2786 secuti
1385 2720 1523 2804 codices,
1558 2721 1617 2787 sed

389 2830 501 2895 merito
529 2829 660 2914 LipsIus
693 2848 764 2893 eum
788 2827 882 2895 codd.
908 2848 989 2895 rece.
1014 2833 1230 2913 ferrzdemeata
1254 2833 1388 2896 iacietis.
1412 2829 1495 2895 eenl.
1518 2830 1550 2895 S.
1576 2828 1618 2892 de

391 2938 455 3002 otio
479 2937 509 2999 V
533 2941 568 3003 5:
594 2936 683 3000 acies
714 2943 825 3001 nostra
853 2935 958 3020 aperit
987 2936 1048 3000 sibi
1078 2936 1297 3018 investigandi
1324 2937 1411 3001 riam
1437 2945 1469 3001 et
1493 2939 1618 3021 faede·

389 3056 495 3111 aureolo
519 3064 594 3108 vero
624 3043 710 3108 iecit.
745 3041 787 3106 ad
816 3042 910 3106 Hclv.
941 3042 982 3107 de
1010 3043 1131 3108 consol.
1156 3044 1219 3107 VII
1243 3047 1277 3109 5:
1306 3064 1460 3108 novarum
1491 3043 1618 3107 urbium

390 3155 606 3237 francamente
631 3155 807 3216 iociuater.
831 3150 874 3213 ib.
897 3149 990 3212 XVII
1014 3152 1049 3215 cl:
1073 3153 1256 3217 iactassent
1281 3149 1523 3235 disciplinarum
1552 3170 1619 3213 om·

391 3259 479 3323 nium
504 3260 730 3342 freaeleorentu.
760 3257 819 3339 Ep.
845 3259 898 3322 95.
914 3259 971 3320 3ὀε
1000 3257 1105 3340 prima
1126 3260 1342 3340 fecitdumeute
1365 3261 1518 3324 iacienda
1542 3268 1618 3324 suad

292 3394 295 3401 ⁴
391 3373 424 3431 et
447 3362 641 3429 insinuanda
663 3364 775 3428 virtus.
805 3363 864 3446 Ep.
893 3365 965 3430 122.
990 3368 1025 3428 8:
1050 3363 1103 3445 qni
1126 3366 1343 3448 farrdcmeate
1365 3363 1561 3429 thermarum
1585 3365 1618 3427 in

391 3470 471 3535 mari
509 3474 642 3537 icreiuut.
691 3470 723 3535 S.
758 3468 845 3555 apud
878 3468 1025 3534 Lactant.
1060 3470 1160 3535 instit.
1194 3472 1209 3533 I
1237 3474 1268 3536 b.
1298 3474 1356 3535 27:
1397 3471 1537 3553 (Seneca
1571 3470 1617 3534 lll

390 3582 464 3644 421.
495 3580 531 3643 16
559 3576 696 3656 Haase):
730 3578 883 3642 Annaeus
918 3577 1116 3644 Seneca
1144 3578 1176 3641 in
1204 3576 1505 3643 Exhortationibus:
1536 3578 1618 3653 ..Hic

391 3705 462 3750 eum
485 3684 590 3768 prima
612 3688 824 3769 frtrrdurueate
847 3683 941 3749 moIIs
965 3683 1199 3768 pulcherrimae
1223 3690 1429 3751 icecr·et...“
1466 3684 1506 3750 Τ.
1531 3684 1616 3750 flist.

390 3792 438 3855 III
463 3793 514 3858 72.
540 3794 592 3857 10.
623 3796 801 3873 ieceratque
822 3794 1046 3875 frendenrente.

479 3897 564 3961 XVI.
586 3897 615 3962 S.
634 3897 692 3982 Ep.
710 3900 762 3963 bl.
779 3900 834 3964 10:
853 3896 896 3962 ad
913 3897 1074 3963 deteriora
1095 3896 1208 3962 Iaeiles
1228 3917 1347 3977 sumus,
1369 3897 1445 3982 quia
1466 3917 1527 3963 nee
1550 3897 1617 3963 dux

390 4012 498 4088 potest
520 4024 580 4068 nee
604 4023 712 4071 eomes
736 4003 860 4087 deesse,
885 4012 917 4068 et
940 4024 991 4068 res
1016 4005 1112 4067 etiam
1136 4008 1210 4089 ipsa
1238 4006 1308 4069 sine
1337 4004 1431 4084 duee,
1460 4003 1532 4071 sine
1563 4026 1614 4069 eo·

391 4112 466 4175 urite
490 4111 646 4195 procedit.
670 4131 733 4176 non
756 4116 975 4198 praenuntius
998 4118 1121 4175 tantam
1145 4111 1188 4175 ad
1213 4112 1299 4193 vitIa,
1315 4111 1373 4177 sed
1387 4132 1559 4197 praeceps,
1576 4123 1614 4195 et,

391 4218 478 4301 quod
519 4219 692 4303 plerosque
729 4217 984 4283 inemendabiles
1021 4218 1111 4303 facit,
1149 4219 1288 4284 emulum
1326 4219 1462 4284 aliarum
1495 4220 1614 4284 artium

391 4333 526 4409 peecata
558 4326 736 4391 artificibus
768 4325 883 4410 pudori
917 4332 991 4390 sunt
1023 4325 1253 4409 offenduntque
1282 4327 1497 4392 dcerrantem:
1527 4326 1615 4391 vitae

391 4440 528 4516 peecata
552 4432 724 4499 delectant.
939 4428 942 4433 ’

480 4539 619 4624 Lipsius,
644 4559 737 4622 queur
762 4538 907 4622 sequitur
928 4540 1068 4619 Fickert,
1090 4541 1215 4607 scribit:
1239 4566 1459 4628 nesteronem
1481 4552 1526 4608 est
1546 4552 1615 4609 terr·

392 4657 457 4715 tum
482 4650 525 4712 ed
548 4653 635 4731 cille,
660 4650 715 4713 secl
736 4672 905 4735 praeceps
929 4656 1040 4712 contra
1065 4648 1188 4714 llaase:
1213 4673 1278 4714 rrerr.
1297 4672 1441 4735 prorsum
1465 4651 1614 4717 caestibus
