3459 5200
619 418 831 514 *221*

630 624 827 708 Agricola.

202 736 239 801 T.
264 735 373 818 Agrio.
399 739 427 802 2.
447 740 481 801 l:
517 745 714 802 moortmeoto
738 739 986 804 obriasimoium
1012 743 1222 822 momorum,-
1255 741 1338 806 Arm.

118 842 173 906 XV
196 844 249 908 41.
269 844 301 908 l:
334 851 530 908 monumento.
563 849 775 926 iopeuioruu25
808 844 849 912 ib.
880 845 926 910 IV
946 846 1049 910 61.4:
1074 852 1269 910 monumento
1293 850 1339 910 io

115 953 183 1028 peni
205 949 285 1014 eius.

202 1055 233 1122 S.
260 1054 301 1120 ad
327 1054 419 1122 Helu.
446 1055 485 1121 de
509 1057 629 1123 consol.
654 1059 720 1122 12:
745 1061 991 1146 clarissimorum
1015 1060 1209 1140 imperiorum
1232 1080 1338 1123 mono

116 1171 228 1239 unatim
253 1161 294 1226 de
317 1161 422 1229 benef.
447 1164 491 1228 [V
515 1165 568 1231 28.
584 1167 619 1228 4:
645 1173 841 1230 monumento
865 1170 1070 1246 inperitorum.

200 1305 236 1370 T.
260 1305 370 1388 Agric.
395 1308 499 1373 3.10:
524 1327 583 1392 per
605 1306 787 1390 quindecim
812 1328 924 1392 annos,
952 1307 1076 1391 grande
1105 1311 1248 1374 ctortulis
1270 1311 1339 1374 oevi

116 1412 263 1495 spatium.

204 1519 236 1586 S.
262 1518 306 1584 ad
331 1519 427 1588 Marc.
452 1519 493 1584 de
517 1521 638 1588 consol.
660 1521 748 1586 XXV
771 1525 801 1586 1:
825 1521 905 1586 vitia
929 1522 1090 1605 situmque
1112 1542 1238 1587 omnem
1261 1544 1341 1588 mor-

116 1627 182 1689 lctis
205 1631 272 1690 aeui
296 1626 431 1709 excutit3
460 1627 519 1712 Ep.
550 1630 619 1694 102.
636 1631 693 1692 23:
716 1649 775 1712 per
797 1626 858 1693 has
881 1632 1024 1695 mortalia
1045 1635 1115 1696 oeci
1139 1650 1255 1697 moras.

200 1787 238 1852 T.
265 1787 342 1870 Agr.
367 1789 472 1854 3.13:
497 1788 604 1873 pauci,
629 1795 664 1852 ut
687 1788 734 1853 ite
758 1789 904 1873 dixerim,
926 1811 989 1854 coru
1012 1792 1102 1856 modo
1125 1790 1261 1855 oliorum
1288 1791 1342 1854 sed

116 1898 206 1958 oliam
229 1899 333 1978 bostri
355 1897 532 1978 superstites
556 1915 676 1962 sumus

201 1999 233 2065 S.
259 1999 302 2065 de
326 2009 427 2084 tranq.
452 2021 503 2067 an.
522 2001 569 2066 XI
588 2006 641 2068 12:
666 2003 800 2068 Renes:
825 2023 890 2068 non
912 2002 956 2067 ad
972 2002 1125 2069 Croesum
1148 2010 1180 2069 te
1204 2004 1338 2082 mittam,

116 2106 167 2188 qui
190 2128 305 2190 rogum
330 2127 421 2172 suum
445 2115 478 2173 et
502 2108 653 2173 succendi
677 2109 769 2174 vivus
794 2116 826 2174 ct
850 2110 994 2193 extingui
1022 2109 1116 2195 vidit,
1145 2110 1251 2176 factus
1277 2133 1340 2176 ooo

116 2233 210 2295 regno
240 2223 359 2279 tanturm
388 2216 442 2279 aed
470 2218 561 2280 etium
584 2216 677 2280 morti
703 2236 782 2283 suae
805 2226 975 2301 mperatm5
1009 2217 1067 2304 Ep.
1087 2221 1139 2285 30.
1161 2223 1196 2284 a:
1231 2219 1341 2283 vivere

117 2327 279 2404 tamqnam
302 2331 455 2405 superstes
478 2324 549 2389 sibi.

201 2465 237 2529 T.
262 2463 371 2547 Agric.
396 2468 505 2530 411:
543 2464 723 2530 Massiliam
744 2517 751 2532 .
769 2519 771 2526 ,
789 2515 813 2542 .,
842 2465 948 2531 locum
974 2467 1094 2531 Graeco
1126 2467 1278 2532 comitate
1308 2475 1341 2534 et

117 2571 305 2655 provinciali
329 2571 528 2657 parsimonia
551 2578 685 2639 mictum
709 2591 748 2639 ac
771 2573 854 2639 bene
878 2573 1099 2658 compositum.

201 2680 233 2745 S.
260 2688 328 2746 nat.
353 2685 477 2762 quaest.
503 2681 535 2744 Il
559 2682 610 2746 50.
630 2686 661 2745 l:
701 2679 829 2745 Attalus
862 2688 986 2766 noster,
1017 2681 1068 2747 vir
1095 2682 1257 2766 egregius,
1286 2683 1341 2765 qui

117 2784 322 2852 Etruseorum
346 2784 552 2871 disciplinam
578 2789 699 2853 Graeco
723 2788 904 2854 subtilitate
927 2790 1103 2853 miscuerat.

201 2930 239 2997 T.
266 2929 373 3011 Agric.
396 2931 500 2996 415:
527 2930 606 2996 conf.
632 2928 664 2995 S.
688 2928 730 2995 ad
755 2930 847 2999 Helv.
873 2930 914 2995 de
938 2930 1058 2996 consol.
1083 2930 1178 2996 XVII
1201 2932 1232 2996 4.

202 3072 238 3138 T.
264 3072 371 3155 Agrio.
394 3072 425 3139 5.
443 3076 474 3139 l:
500 3071 578 3138 nihil
602 3072 756 3158 adpetere
775 3074 813 3139 in
838 3074 1054 3158 iactationem,
1078 3073 1159 3139 nibil
1178 3074 1219 3139 ob
1234 3073 1340 3138 formi-

118 3176 219 3243 dinem
246 3200 397 3244 recusare
422 3179 579 3264 simulque
604 3187 774 3247 stancius
798 3186 830 3247 et
854 3186 988 3245 intentus
1011 3200 1118 3264 agore.

205 3286 235 3353 S.
262 3285 303 3351 de
326 3287 412 3353 brev.
437 3286 490 3352 vit.
514 3286 544 3351 11
575 3290 602 3352 l:
628 3287 786 3371 quosdam
809 3293 936 3371 torquet
964 3287 1080 3374 cupido
1104 3286 1239 3354 militiae
1263 3309 1339 3354 nun·

121 3412 211 3474 quam
235 3414 299 3458 non
324 3400 380 3459 aut
404 3392 519 3459 alienis
543 3394 696 3479 periculis
722 3400 851 3461 intentos
875 3403 931 3459 aut
954 3396 1021 3461 suis
1044 3400 1167 3461 uocios.

205 3536 243 3604 T.
270 3537 377 3619 Agric.
403 3540 432 3602 l.
461 3539 512 3604 ll:
540 3536 654 3603 maluit
677 3537 780 3603 videri
807 3542 959 3603 iuvenisse
985 3539 1079 3603 boreos
1102 3558 1199 3621 quam
1215 3540 1340 3621 secisse.

206 3644 238 3708 S.
263 3644 304 3708 de
328 3662 403 3709 rem.
427 3643 497 3709 sort.
519 3644 595 3709 XVI
622 3651 652 3710 l:
680 3664 828 3719 „uxorem
851 3648 962 3711 bosom
986 3644 1111 3709 amisi.“
1158 3652 1264 3710 utrum
1296 3646 1342 3709 io

121 3772 243 3816 neumae
267 3752 387 3832 bocum,
412 3771 453 3816 an
470 3755 614 3835 jecmosi
644 3752 672 3817 si
694 3755 869 3833 inveneras,
901 3752 1020 3817 babere
1043 3758 1074 3816 te
1097 3771 1194 3837 posse
1218 3771 1258 3816 cx
1282 3750 1343 3817 boo

123 3855 289 3941 intellegas
312 3858 388 3923 licet
411 3857 497 3942 quod
521 3858 676 3924 habuisti:
702 3860 729 3925 si
746 3865 881 3943 soceros,
911 3860 992 3925 bene
1016 3878 1127 3944 spera:
1162 3878 1215 3925 ros
1237 3859 1342 3944 periit,

124 3964 229 4030 salvus
254 3971 304 4030 est
326 3965 451 4034 artifex.

207 4108 244 4173 T.
270 4108 376 4192 Agrio.
403 4112 454 4177 15.
471 4112 506 4175 8:
531 4107 697 4173 nihilium
719 4108 901 4193 cupiditati,
924 4109 1002 4173 nibil
1026 4112 1154 4176 libidini
1176 4116 1343 4191 occeptum.

124 4330 285 4405 occeptum.

210 4466 247 4529 T.
271 4466 378 4550 Agrio.
405 4469 453 4532 16.
473 4470 528 4532 12:
561 4466 678 4531 missus
711 4466 809 4549 igitur
836 4466 1006 4531 Petronius
1034 4463 1241 4549 Turpilianus
1264 4469 1342 4527 tam-

127 4588 219 4649 quam
246 4576 437 4639 eoeorubilior
467 4579 499 4637 et
532 4572 659 4639 delictis
691 4572 828 4638 bostium
863 4594 965 4638 novus
994 4592 1096 4655 coque
1122 4570 1343 4656 paenitentiae

127 4676 235 4745 milior.

1133 4785 1166 4840 ⁴*
