3459 5200
955 427 998 490 52

449 619 481 690 S.
500 619 541 687 de
562 621 652 688 olem.
669 619 684 684 I
704 624 754 687 20.
768 623 802 686 2:
828 640 974 705 poenam,
998 621 1026 684 si
1049 627 1118 683 tuto
1141 619 1267 703 poterit,
1292 618 1398 702 donet,
1423 617 1450 683 si
1475 616 1590 699 minus,

361 736 519 814 temperet
541 707 701 812 longeque
725 728 766 794 sit
792 733 825 794 ic
848 730 913 792 ouis
936 749 1028 810 quam
1052 733 1087 794 iu
1105 730 1216 793 ulteris
1239 729 1369 792 iniuriis
1387 727 1591 791 exorabilior.

361 835 456 916 (conf.
485 836 591 900 Taciti
623 835 735 918 verba,
769 854 853 917 quac
886 833 1101 920 praecedunt:
1140 855 1181 899 ne
1214 854 1409 918 quamquam
1438 832 1593 917 egregins

361 950 470 1008 cetera
501 941 698 1025 adroganter
730 941 762 1005 in
791 940 919 1007 deditos
948 948 981 1005 et
1007 950 1042 1005 ut
1068 965 1143 1006 suae
1175 946 1321 1025 culosque
1346 944 1482 1006 iniuriae
1508 944 1593 1005 ullor

362 1049 474 1115 dumus
499 1049 702 1126 consuleret.)

452 1210 490 1278 T.
514 1208 622 1292 Agric.
651 1209 702 1274 29.
724 1213 754 1273 1:
793 1207 890 1273 Initio
923 1208 1060 1274 aestatis
1083 1208 1237 1290 Agricola
1266 1209 1442 1274 domestico
1466 1209 1594 1272 miluom

362 1320 448 1398 ictuc,
474 1336 557 1381 anno
582 1323 657 1382 ante
681 1320 790 1380 natum
806 1317 911 1397 filium
933 1319 1046 1380 oririait.
1072 1339 1160 1405 quem
1183 1339 1286 1380 cusum
1310 1336 1415 1399 neque
1438 1322 1473 1380 ut
1493 1315 1590 1400 pleri-

365 1445 428 1508 que
460 1423 588 1488 fortium
622 1423 761 1488 virorum
795 1423 979 1506 ambitiose,
1011 1443 1115 1506 neque
1148 1444 1206 1510 per
1236 1423 1381 1489 lamenta
1413 1443 1523 1488 rursus
1552 1443 1594 1487 ac

363 1550 540 1596 maerorem
564 1531 751 1594 muliebriter
775 1533 856 1594 tulit:
881 1537 913 1595 et
936 1531 969 1594 iu
992 1529 1078 1595 luctu
1103 1530 1220 1596 bellum
1245 1531 1328 1596 inter
1345 1529 1489 1597 remedia
1514 1539 1594 1596 erat.

363 1637 473 1721 Agric.
499 1640 527 1703 l.
545 1638 576 1703 1:
604 1637 750 1720 Sequens
774 1658 878 1703 annus
899 1641 988 1720 praui
1009 1639 1132 1702 multare
1154 1642 1291 1702 uotiuum
1313 1637 1505 1720 domumque
1520 1637 1594 1701 eius

294 1785 297 1789 -
363 1747 493 1827 adsiluit.

453 1851 486 1920 S.
511 1850 555 1917 ad
577 1852 689 1936 Polyb.
713 1851 755 1916 de
775 1851 894 1917 consol.
910 1852 969 1916 XV
982 1855 1019 1918 4:
1045 1851 1148 1918 Gaius
1162 1852 1284 1918 Caesar
1304 1905 1355 1919 ...
1376 1851 1511 1917 Lucium
1527 1851 1594 1916 fra-

364 1966 444 2026 trem
469 1959 668 2026 carissimum
689 1958 750 2024 sibi
846 1963 950 2024 coibit
973 1959 1005 2022 iu
1028 1966 1189 2045 apparatu
1205 1960 1346 2025 Parthici
1369 1959 1447 2025 belli
1471 1966 1505 2026 et
1520 1982 1594 2042 pru·

363 2071 448 2131 olore
470 2065 569 2130 multo
592 2069 689 2131 coluri
711 2067 832 2130 uoluere
860 2087 955 2149 quam
984 2075 1100 2151 postea
1132 2067 1276 2152 corporis
1307 2071 1385 2132 ictuc
1417 2076 1479 2148 θείς
1509 2069 1595 2150 quod

364 2179 531 2255 utrumque
555 2178 588 2237 et
610 2171 756 2257 piissime
779 2170 865 2238 idem
889 2180 921 2237 ct
944 2172 1118 2238 fortissime
1143 2177 1218 2239 tulit.
1243 2175 1286 2241 ib.
1310 2174 1388 2238 XVI
1403 2177 1437 2240 2:
1463 2194 1501 2238 eo
1517 2173 1592 2257 ipso

365 2287 517 2364 tempore,
541 2301 604 2362 quo
627 2279 668 2344 M.
694 2280 852 2346 Antonius
876 2280 993 2345 civium
1023 2301 1153 2346 suorum
1185 2281 1273 2346 vitae
1303 2280 1439 2347 sedebat
1465 2279 1591 2344 mortis-

365 2407 428 2470 que
464 2387 598 2464 arbiter,
632 2387 673 2454 M.
707 2387 837 2452 Antonii
871 2385 971 2453 frater
1003 2386 1076 2452 duci
1109 2388 1280 2453 iubebatur
1311 2387 1354 2452 ad
1387 2386 1592 2474 supplicium.

366 2496 433 2558 tulit
464 2494 525 2560 hoc
554 2499 661 2560 tanreu
685 2499 750 2558 tam
775 2495 866 2558 triste
889 2497 999 2559 rmluuc
1027 2494 1141 2561 eadem
1168 2493 1392 2578 magnitudine
1420 2495 1517 2558 animi
1549 2494 1592 2560 M.

367 2602 534 2686 Antonius,
562 2621 627 2685 qua
656 2602 762 2666 omnia
791 2602 857 2666 alia
887 2601 1026 2668 adversa
1053 2603 1257 2686 toleraverat,
1290 2611 1322 2667 et
1351 2602 1410 2667 hoc
1438 2602 1498 2667 fuit
1521 2603 1595 2667 eius

367 2708 486 2791 lugere,
501 2709 614 2791 viginti
630 2708 792 2791 legionum
807 2709 965 2791 sauguine
980 2708 1071 2773 fratri
1085 2716 1267 2795 parentare.
1291 2709 1333 2773 ad
1353 2709 1445 2773 Helu.
1462 2708 1503 2774 de
1518 2729 1593 2774 cou-

368 2814 425 2881 sol.
442 2815 520 2879 XIX
536 2818 571 2881 ct:
597 2814 806 2881 Carissimum
825 2816 928 2880 virum
947 2820 1094 2882 criticorul
1110 2869 1117 2884 .
1133 2869 1139 2883 .
1155 2870 1161 2883 .
1179 2817 1211 2880 in
1227 2816 1299 2901 ipsa
1314 2815 1444 2899 quidem
1459 2816 1594 2899 naviga-

367 2922 469 3003 tione,
495 2924 562 2986 tulit
584 2930 690 2988 tamen
715 2922 828 2988 eodem
847 2929 991 3008 tempore
1010 2931 1044 2990 et
1057 2924 1177 2989 luctum
1192 2932 1224 2989 et
1237 2930 1367 2990 metum.
1391 2924 1450 3008 Ep.
1467 2926 1518 2991 78.
1537 2927 1593 2990 ll:

369 3029 541 3107 ,Dolorem
566 3050 697 3111 gravem
721 3032 855 3098 seutio.“
904 3031 980 3115 quid
1001 3038 1098 3115 ergo?
1122 3052 1185 3096 nou
1206 3032 1314 3115 sentis,
1339 3031 1367 3096 si
1388 3030 1477 3095 illum
1490 3033 1597 3094 muilie-

368 3138 461 3201 briter
494 3140 616 3201 tullerit?
653 3136 694 3203 de
727 3138 831 3203 benef.
865 3138 891 3202 V
925 3142 972 3205 19.
993 3142 1027 3204 6:
1062 3139 1210 3204 orbitatis
1235 3142 1452 3223 pronissimum
1483 3140 1595 3202 cirlano

368 3242 477 3327 effugi.
523 3243 581 3327 Ep.
610 3246 660 3308 74.
677 3246 734 3310 30:
773 3264 835 3308 uou
869 3247 1024 3328 adstipitur
1056 3246 1187 3330 sapiens
1220 3244 1392 3310 liberorum
1419 3249 1593 3325 umicuoue,

367 3370 430 3415 non
455 3350 637 3414 amicorum.
662 3348 776 3414 eodem
799 3351 883 3415 enim
907 3352 1014 3415 auimo
1027 3357 1097 3435 sert
1116 3351 1242 3417 illorum
1257 3358 1399 3435 mortem,
1423 3372 1486 3435 quo
1502 3372 1594 3417 suam

368 3462 545 3541 exspectat.
593 3456 651 3540 Ep.
682 3459 733 3523 99.
757 3451 789 3522 1‘:
829 3457 1023 3543 Epistulam,
1057 3480 1152 3543 quam
1187 3460 1301 3544 scripsi
1334 3458 1485 3543 Marullo,
1523 3480 1594 3525 cunr

360 3567 464 3646 fillum
487 3564 657 3650 parvulum
681 3568 834 3629 obtineret
857 3571 890 3631 et
913 3566 1074 3632 diceretur
1088 3565 1332 3650 ruclliterfore,
1357 3566 1427 3630 ruisi
1444 3566 1512 3633 tibi.

370 3674 490 3753 (relicto
515 3671 598 3735 euim
624 3678 656 3737 et
680 3692 830 3754 magnum
855 3676 962 3739 uolnus
985 3676 1069 3740 male
1086 3679 1205 3759 jirenti
1229 3674 1395 3758 paulisper
1415 3672 1592 3739 cedendum

370 3786 426 3845 est.
452 3778 493 3844 de
516 3798 592 3845 rem.
619 3776 689 3843 fort.
713 3779 792 3842 XIII
810 3783 842 3845 1:
871 3785 983 3859 ,aurici
1004 3781 1154 3848 liberos.“
1270 3800 1363 3846 nemo
1388 3787 1479 3846 extra
1501 3785 1593 3868 ictum

369 3886 464 3952 istius
487 3888 621 3951 colueris
643 3885 769 3969 positus
794 3894 851 3952 est.

458 4047 494 4111 T.
518 4047 626 4130 Agric.
650 4050 702 4115 30.
722 4050 775 4113 17:
801 4056 947 4133 raptores
972 4049 1068 4126 orbis,
1092 4057 1263 4135 postquam
1293 4057 1409 4115 cuneta
1438 4050 1593 4115 vastanti-

367 4153 428 4218 bus
453 4150 584 4219 dcfucrc
608 4163 718 4235 terroe,
742 4156 806 4219 iam
831 4164 863 4220 et
886 4179 973 4220 orare
995 4165 1188 4221 territaretur:
1211 4160 1239 4219 si
1258 4156 1403 4241 locuples
1421 4156 1526 4221 hostis
1540 4164 1593 4234 cst,

368 4262 465 4341 ociori,
490 4264 518 4325 si
539 4280 670 4346 pauper,
694 4264 856 4343 orribitlosi,
882 4283 963 4345 quos
985 4286 1048 4328 oou
1072 4262 1200 4346 Oriens,
1227 4286 1289 4329 corr
1318 4260 1481 4329 Occidens
1503 4267 1594 4328 sotiu-

368 4371 452 4431 oeril.
500 4368 605 4434 Germ.
631 4373 681 4437 45.
701 4372 755 4435 13:
781 4369 839 4435 sed
865 4379 897 4435 et
921 4394 1007 4436 ruore
1028 4380 1214 4436 scrutantur.

458 4474 490 4541 S.
518 4474 560 4541 de
584 4476 674 4541 clem.
698 4476 713 4539 Ι
737 4476 766 4539 3.
784 4480 819 4541 b:
859 4496 929 4542 cum
963 4478 1019 4543 ille
1051 4485 1108 4556 (so.
1143 4478 1282 4558 animus)
1317 4478 1498 4561 Imperavit,
1532 4482 1595 4541 sire

369 4604 482 4647 cocras
506 4581 653 4648 domiuus
678 4590 730 4663 eal,
754 4604 840 4647 crore
864 4584 944 4650 lucri
973 4605 1074 4652 causa
1101 4594 1285 4665 emulantur,
1318 4588 1380 4649 ciue
1406 4586 1592 4665 ombitioauc,

369 4687 576 4752 iamdudum
602 4688 767 4754 dexteram
797 4689 934 4756 flammis
964 4693 1120 4758 obicimus
1143 4696 1164 4775 †
1187 4700 1244 4755 aut
1275 4691 1487 4757 voluntariam
1521 4693 1593 4757 sub-
