3459 5200
749 406 789 472 15

241 598 325 665 Prae
345 606 436 666 tanta
459 600 633 667 memoriae
656 601 868 669 consensione
883 602 935 668 vel
953 602 987 667 iu
1006 602 1265 691 orthographicis
1283 606 1379 672 rebus

153 705 326 772 manifesta
357 706 436 771 nihil
469 707 579 774 valere
609 708 686 773 mihi
720 708 849 792 quidem
882 709 1018 787 videtur,
1052 710 1138 794 quod
1167 711 1200 776 in
1228 711 1269 794 V,
1301 712 1379 779 Ger-

152 812 270 898 monis,
298 812 458 899 dialogus,
487 814 633 882 Suetonii
655 815 824 899 relliquiae
848 815 1002 903 deinceps
1026 816 1203 896 traduntur,
1233 818 1266 883 in
1290 817 1379 885 Otto-

152 919 291 987 boniano
314 927 421 986 antem
436 922 635 1009 Suetoniano
658 922 768 989 libello
792 921 943 1007 dialogus
966 924 1117 991 adsertus
1137 931 1197 993 est.
1234 924 1379 991 Alterum

152 1047 228 1093 vero
257 1027 401 1095 eiusdem
429 1030 564 1114 originis
592 1038 815 1114 argumentum
839 1052 879 1097 ea
902 1050 937 1097 re
964 1032 1113 1117 praeberi
1141 1030 1219 1097 mihi
1249 1032 1378 1117 quidem

153 1125 289 1220 videtur,
317 1135 405 1220 quod
427 1137 460 1201 in
483 1143 619 1221 utroque
641 1137 754 1203 codice
777 1137 895 1204 Blendi
919 1138 1024 1205 Flavii
1047 1138 1260 1207 Forliriensis
1283 1138 1379 1206 ltalia

151 1241 314 1309 illustrata
338 1244 498 1311 invenitur
521 1252 666 1314 exarata.

240 1387 373 1453 Praeter
400 1386 566 1472 dialogum
589 1387 772 1455 Tacitinum
801 1395 833 1456 et
856 1388 1002 1456 Suetonii
1031 1389 1072 1456 de
1102 1390 1322 1474 grammaticis
1346 1397 1379 1458 et

150 1492 333 1559 rhetoribus
360 1492 527 1578 relliquias
550 1514 620 1561 cunr
644 1494 686 1577 V,
718 1494 821 1563 codex
846 1497 945 1563 etiam
969 1484 1175 1563 Germaniam
1205 1498 1378 1577 contineat,

151 1600 292 1666 ‘l'aoitini
328 1600 424 1667 huius
457 1599 604 1688 opusculi
640 1601 805 1670 codicibus
838 1604 997 1689 respectis
1035 1603 1115 1687 quid
1146 1605 1187 1671 de
1220 1605 1379 1671 communi

150 1708 411 1776 Vindobonensis
443 1715 476 1773 et
503 1708 714 1775 Ottoboniani
745 1708 923 1797 archetypo
957 1718 1137 1778 statuamus
1170 1710 1299 1779 facilins
1332 1713 1378 1778 in·

148 1816 338 1900 vestigatur.
380 1816 446 1883 Sed
470 1822 504 1881 ut
527 1816 607 1883 satis
630 1815 726 1902 plene
749 1816 920 1904 disputem,
945 1817 996 1883 hic
1019 1817 1096 1883 mibi
1119 1818 1239 1903 aliquis
1258 1819 1379 1886 obiciat

149 1922 248 1989 talem
271 1922 453 2007 inquirendi
477 1923 635 1990 rationem
663 1922 803 1991 fortasse
827 1944 902 1992 esse
928 1924 1089 2011 fallacem,
1122 1924 1210 2010 quod
1237 1928 1379 2013 potuerit

149 2028 230 2104 deri.
259 2038 295 2096 ut
317 2030 492 2098 Germania
515 2052 536 2096 a
561 2029 817 2098 vindobonensis
845 2030 976 2099 librario
999 2052 1065 2099 non
1090 2054 1131 2099 ex
1155 2032 1270 2100 eodem
1293 2040 1377 2101 tran

149 2138 343 2205 scriberetur
370 2136 557 2224 archetypo,
585 2158 626 2204 ex
655 2158 718 2223 quo
746 2138 897 2223 dialogus
921 2145 955 2205 et
976 2138 1190 2225 fragmentum
1221 2140 1376 2212 Suetonii.

149 2242 245 2322 Quod
265 2245 417 2330 quamsit
435 2244 656 2331 improbabile,
678 2265 784 2331 paene
797 2244 1005 2314 manifestum
1020 2254 1078 2315 est.
1117 2248 1200 2316 Nam
1215 2248 1284 2315 sive
1299 2269 1378 2317 casu

149 2354 273 2440 scripta
301 2353 360 2421 illa
389 2354 421 2419 in
450 2354 674 2439 antiquissimo
702 2355 874 2423 coniuncta
903 2363 977 2423 sunt
1005 2356 1182 2443 exemplari
1211 2356 1280 2423 sive
1303 2376 1377 2423 eon·

149 2461 233 2546 silio,
262 2462 334 2546 quis
358 2459 472 2527 codem
494 2461 546 2528 vel
570 2480 648 2527 casu
669 2462 723 2528 rel
747 2462 882 2529 oonsilio
906 2460 1026 2530 factum
1051 2484 1124 2532 erse
1147 2463 1318 2550 putaverit,
1342 2470 1378 2531 ut

150 2569 248 2637 eain
274 2569 451 2655 archetypo
480 2567 555 2635 huic
581 2568 663 2636 libro
687 2589 760 2635 eum
783 2568 999 2638 Ottoboniauo
1029 2571 1187 2639 communi
1214 2570 1377 2657 disiunge-

148 2685 268 2758 rentur,
302 2676 465 2744 disiuncta
495 2677 529 2742 in
560 2676 603 2760 V,
639 2677 681 2743 ab
714 2697 912 2746 amanuense
942 2680 1057 2746 iterum
1090 2679 1377 2766 componerentur?

148 2785 230 2852 Inde
253 2783 340 2870 qnod
363 2785 396 2850 in
418 2785 565 2870 plurimis
594 2804 675 2868 quos
697 2783 853 2854 habemus
882 2785 1048 2854 codicibus
1071 2786 1179 2852 Taciti
1201 2787 1259 2852 illa
1282 2806 1377 2872 opus-

150 2894 223 2960 cula
252 2904 284 2959 et
312 2892 457 2960 Suetonii
489 2893 658 2976 relliquiae
685 2893 749 2959 alio
781 2893 891 2960 libello
920 2915 984 2960 non
1011 2893 1195 2962 intermisso
1223 2895 1377 2981 deinceps

150 3000 349 3087 exhibentur,
383 2999 497 3067 eadem
525 3000 623 3066 etiam
650 3001 684 3066 iu
712 3000 974 3069 vindobonensis
1001 3001 1179 3088 archetypo
1207 3003 1377 3069 coniuncta

149 3106 252 3176 fuisse
275 3107 391 3175 efficio.
428 3107 523 3174 Adde
546 3106 633 3192 qnod
656 3127 729 3174 cum
751 3107 843 3175 libris
861 3106 943 3174 cul)
966 3109 999 3175 in
1023 3108 1156 3194 dialogo
1179 3116 1212 3176 et
1231 3109 1376 3176 Suetonii

148 3214 306 3299 relliquiis
339 3213 454 3281 eadem
484 3215 568 3280 ratio
601 3213 819 3281 Ottoboniauo
851 3221 950 3300 atque
981 3215 1014 3281 in
1047 3215 1223 3282 Germania
1255 3215 1376 3282 Vindo-

149 3321 286 3389 boncnsi
309 3322 494 3388 intercedit:
519 3320 648 3388 dubium
672 3341 748 3388 esse
769 3320 847 3388 mibi
870 3342 934 3388 non
952 3319 1089 3403 videtur,
1114 3323 1200 3408 quin,
1225 3321 1312 3408 qnod
1335 3322 1376 3390 de

149 3428 411 3497 vindobonensis
439 3429 564 3514 origine
587 3429 771 3497 enucleetur
792 3429 988 3496 Germaniae
1017 3428 1182 3498 oodieibus
1210 3429 1375 3512 adhibitis,

148 3535 236 3603 idem
258 3537 370 3604 valeat
392 3536 434 3603 de
457 3534 683 3603 Ottoboniano.

239 3678 542 3766 Circumspicientes
569 3679 676 3766 igitur,
704 3679 821 3764 quibus
844 3678 1038 3748 Germaniae
1067 3679 1305 3766 exemplaribus
1328 3682 1371 3766 V,

150 3809 186 3856 se
209 3789 362 3876 applicet,
385 3788 517 3875 saepius
541 3808 613 3855 eum
636 3807 706 3854 eum
730 3787 955 3855 Hammeliano
979 3788 1026 3855 ita
1050 3788 1232 3855 consentire
1254 3787 1376 3856 inveni·

148 3917 230 3978 mus,
239 3895 263 3985 ¹)
287 3904 323 3962 ut
346 3917 403 3964 eos
427 3895 562 3981 originis
585 3893 731 3963 eiusdem
754 3914 828 3962 csse
851 3895 920 3963 iure
944 3915 1142 3964 censeamus.
1179 3897 1229 3962 Ex
1244 3916 1375 3963 numero

150 4004 343 4073 selectarum
370 4005 544 4072 lectionum
571 4003 694 4071 codicis
717 4004 772 4088 V„
805 4023 889 4089 qnae
917 4004 958 4070 ab
986 4004 1146 4071 Hucmero
1175 4003 1197 4072 l.
1220 4003 1242 4069 l.
1272 4003 1375 4090 publi-

149 4120 244 4180 catae
280 4119 313 4180 et
343 4133 365 4178 a
396 4133 448 4178 me
483 4111 555 4196 ipso
593 4111 798 4178 examinatae
834 4117 918 4192 snut,
963 4111 1081 4196 collegi
1118 4116 1291 4196 sequentes
1327 4110 1376 4176 illi

149 4221 298 4306 exemplo
322 4238 505 4286 communes
529 4237 600 4285 curu
623 4217 857 4303 Hammeliano,
888 4216 939 4284 cui
962 4217 1051 4286 haud
1074 4238 1146 4284 raro
1170 4217 1375 4285 Monacensis

148 4326 202 4394 vel
225 4326 483 4411 Stutgardiensis
507 4346 543 4393 se
566 4325 726 4411 adiungit:

242 4613 262 4684 ι)
280 4615 314 4670 V.
328 4613 462 4670 Hucmeri
475 4613 688 4668 adnotationem
698 4611 717 4665 l.
732 4611 751 4666 1.
766 4629 795 4683 p.
809 4611 862 4666 813
875 4613 904 4668 et
918 4609 1073 4676 Schescaik‚
1088 4609 1129 4666 De
1144 4609 1267 4666 Cornelii
1281 4609 1374 4666 'I'aciti

150 4702 319 4761 Germaniae
337 4708 479 4776 apparatu
497 4703 604 4766 critico,
623 4702 757 4773 'l'roppau
775 4701 854 4768 1886,
872 4719 899 4772 p.
918 4701 944 4758 6.
