3459 5200
680 550 739 613 113

607 637 808 647 —--—----

125 765 171 830 ait
197 764 304 843 idem,
332 768 411 827 sunt
439 762 475 825 in
503 761 596 826 omni
624 760 783 843 locupleti
807 758 960 825 oratione
984 758 1136 823 diffusa.“
1181 756 1293 821 Theo-

125 868 280 951 phrastus
304 866 414 948 igitur,
437 884 512 930 cum
535 864 702 929 rationem
729 863 815 928 inter
842 862 1034 946 pedestrem
1064 866 1098 926 et
1125 861 1294 945 poeticum

127 988 317 1037 sermonem
340 968 606 1035 intercedentem
628 966 862 1050 perpenderet,
885 969 956 1031 tres
980 964 1191 1048 cognationis
1218 984 1293 1047 gra·

127 1075 187 1140 dus
209 1074 332 1157 posuit.
375 1072 561 1138 Plurimum
584 1075 618 1136 et
638 1072 805 1135 vetustate
835 1073 868 1133 et
896 1073 1015 1134 natura
1044 1089 1064 1133 a
1087 1068 1196 1133 soluta
1218 1086 1294 1132 ora·

124 1179 216 1243 tione
238 1178 364 1243 distare
387 1176 472 1241 dixit
492 1176 614 1259 poesin
636 1175 777 1258 epicam,
805 1173 982 1238 minimum
1006 1170 1293 1255 dithyrambicam,

126 1282 218 1348 cuius
241 1280 383 1347 disiecta
404 1280 556 1345 membra
578 1279 613 1342 in
637 1279 730 1344 omni
754 1276 917 1355 oratione,
946 1277 1091 1341 maxime
1119 1276 1154 1340 in
1178 1295 1294 1341 nume·

126 1405 204 1452 rosa
227 1387 259 1450 et
281 1384 449 1450 rhetorice
468 1387 603 1465 compta
618 1382 858 1447 invenirentur.
892 1381 1037 1446 Medium
1052 1382 1164 1445 locum
1178 1384 1294 1445 tenere

125 1491 328 1571 anapaestos
351 1487 446 1570 epica
467 1486 563 1570 poesi
585 1485 790 1563 licentiores,
819 1484 1031 1569 dithyrambo
1059 1484 1293 1554 restrictiores.

127 1593 255 1672 Quibus
269 1592 382 1657 verbis
399 1589 578 1673 significari
594 1609 669 1655 eam
688 1589 980 1671 compositionem,
1003 1608 1102 1672 quam
1127 1585 1158 1665 ἐξ
1181 1578 1294 1672 ὁμοίων

124 1696 265 1763 vocabat
296 1694 521 1777 Hephaestio,
553 1693 770 1759 manifestum
804 1696 865 1758 est.
915 1691 1011 1757 Unde
1040 1691 1228 1773 colligimus
1262 1695 1295 1755 et
1349 1707 1351 1711 ·

125 1800 400 1882 Theophrastum
422 1797 557 1881 quidem
580 1797 730 1862 carmina
757 1794 790 1873 ἐξ
816 1792 929 1881 ὁμοίων
958 1815 1027 1860 non
1054 1794 1166 1861 minus
1195 1814 1294 1878 quam

123 1901 164 1967 τοὶ
185 1902 268 1967 acad
289 1901 398 1987 στίχον
420 1906 453 1967 et
476 1898 707 1986 ἀπολελυμένα,
736 1903 773 1965 ut
795 1899 991 1965 inferiorum
1013 1900 1185 1965 vocabulis
1208 1903 1294 1981 utar,

123 2027 187 2092 pro
209 2006 371 2090 peculiari
393 2005 650 2089 compositionis
669 2024 792 2087 genere
810 2003 970 2069 habuisse
986 2023 1095 2087 neque
1112 2004 1170 2068 illa
1185 2006 1295 2068 aetate

124 2115 307 2195 praecepta
327 2111 399 2194 περὶ
419 2104 593 2194 ποιήματος
619 2107 720 2173 certis
749 2107 815 2172 illis
842 2107 1070 2190 posteriorum
1093 2107 1294 2190 scriptorum

125 2214 299 2281 vocabulis
343 2218 377 2279 et
414 2212 596 2278 schematis
636 2214 787 2277 coartata
826 2211 1144 2295 circumscriptaque
1181 2210 1294 2276 fuisse.

125 2319 278 2402 Denique
294 2318 383 2402 quod
400 2338 501 2401 supra
520 2316 588 2381 dixi
610 2315 654 2381 ad
675 2315 864 2383 doctrinam
885 2316 956 2399 περὶ
976 2312 1149 2402 ποιήματος
1172 2334 1295 2397 augen-

124 2424 204 2489 dam
222 2421 378 2487 nonnihil
393 2420 732 2491 valuisserhetorum
749 2423 868 2499 artem,
892 2419 1121 2502 Theophrasti
1141 2419 1294 2502 exemplo

122 2526 222 2591 valde
245 2526 470 2590 confirmatur.

209 2630 315 2696 Paulo
352 2629 450 2696 aliter
486 2628 552 2694 tria
588 2628 846 2712 compositionis
883 2631 1032 2695 musicae
1069 2627 1294 2712 metricaeque

121 2753 249 2816 genera
271 2732 426 2797 distinxit
448 2732 613 2815 optimum
636 2732 805 2815 quendam
826 2737 863 2798 ut
888 2732 1019 2798 videtur
1048 2736 1218 2798 auctorem
1242 2752 1294 2798 se-

121 2841 221 2902 cutus
253 2835 434 2920 Dionysius
467 2836 760 2902 Halicarnasensis
794 2837 836 2902 de
870 2855 977 2918 comp.
1015 2837 1106 2902 verb.
1144 2855 1215 2919 cap.
1255 2837 1294 2900 19

119 2943 168 3024 (ρ.
192 2940 255 3004 858
278 2960 353 3023 sqq.
376 2940 479 3023 sch).
522 2941 571 3005 Ac
592 2941 740 3023 primunr
763 2941 904 3006 efficitur
925 2941 1022 3023 poesi
1045 2941 1149 3025 spica,
1173 2939 1295 3024 inqua

120 3063 187 3109 nec
210 3048 355 3110 metrum
376 3062 439 3108 nec
462 3043 654 3127 rhythmum
676 3047 806 3110 mutare
832 3045 943 3124 licere,
972 3045 1114 3110 alterum
1137 3043 1294 3110 carmini-

119 3150 189 3214 bus
210 3147 352 3225 melicis,
375 3146 410 3211 in
434 3147 554 3229 quibus
579 3147 755 3230 stropham
782 3152 816 3213 et
841 3147 1090 3230 antistropham
1119 3152 1152 3212 et
1177 3147 1293 3214 metris

119 3257 157 3318 et
181 3249 346 3334 rhythmis
369 3254 404 3314 et
431 3249 540 3315 modis
574 3249 687 3335 (μέλει)
721 3251 809 3316 inter
838 3271 876 3316 se
902 3269 1001 3334 pares
1029 3271 1104 3316 esse
1127 3255 1293 3333 oportere.

119 3356 252 3422 Contra
272 3354 310 3418 in
333 3352 450 3435 epodis
473 3353 588 3418 omnia
609 3353 676 3419 tria
698 3354 756 3419 illa
777 3359 907 3420 mutare
934 3353 1044 3420 licere.
1096 3354 1137 3419 Et
1162 3359 1293 3420 veteres

118 3457 260 3543 quidem
292 3456 414 3540 lyricos
442 3456 476 3520 h.
500 3477 528 3521 e.
555 3458 717 3524 Alcaeum
746 3462 779 3524 et
807 3459 1026 3542 Sapphonem
1053 3479 1174 3542 parvas
1203 3479 1294 3525 com-

116 3561 280 3646 posuisse
309 3560 481 3642 strophas,
510 3561 628 3644 epodis
656 3565 769 3626 autem
798 3563 937 3628 omnino
968 3583 1044 3630 raro
1072 3583 1153 3629 usos
1177 3563 1294 3646 esse.¹)

212 3740 233 3813 ¹)
250 3742 330 3796 Hanc
352 3757 437 3796 unam
460 3742 716 3812 interpretationem
740 3749 768 3797 et
791 3744 990 3799 sententiarum
1014 3761 1135 3801 conexus
1160 3752 1188 3801 et
1211 3745 1294 3800 verba

115 3829 225 3885 tradita
254 3829 413 3883 admittunt:
440 3833 466 3881 οἱ
488 3833 534 3897 μὲν
561 3828 607 3882 οὖν
629 3826 738 3898 ἀρχαῖοι
765 3834 903 3898 μελοποιοί
926 3871 931 3882 .
952 3871 958 3884 .
977 3875 983 3888 .
1004 3875 1010 3888 .
1034 3835 1131 3902 μικρὰς
1158 3837 1294 3887 ἐποιοῦντο

115 3915 254 3985 στροφάς,
278 3915 346 3969 ὥστε
368 3920 396 3969 ἐν
418 3913 519 3985 ὀλίγοις
541 3925 596 3982 τοῖς
618 3917 717 3983 κώλοις
741 3915 772 3971 οὐ
795 3919 899 3984 πολλὰς
926 3923 1033 3989 εἰσῆγον
1055 3922 1104 3986 τοὶς
1132 3921 1293 3989 μεταβολάς·

115 4008 237 4072 ἐπῳδοῖς
255 4020 285 4056 τι
302 4002 370 4057 πάνυ
389 4006 504 4071 ἐχρῶντο
523 4000 627 4073 ὀλίγαις
644 4008 703 4058 ιιιλ.
732 4006 829 4075 ltaque
845 4008 1053 4063 concedendum
1071 4013 1113 4063 est
1130 4009 1294 4078 tripartitam

115 4092 277 4148 carminum
296 4092 535 4160 compositionem,
554 4092 678 4147 similiter
702 4098 786 4163 atque
813 4095 887 4163 apud
913 4095 1076 4150 Alcmanem
1102 4097 1205 4150 factum
1233 4113 1294 4150 esse

116 4177 327 4236 demonstrarit
345 4178 456 4233 Crusius
474 4180 493 4233 l.
513 4197 535 4233 c.
554 4197 581 4248 p.
597 4180 612 4233 7
631 4198 702 4250 sqq,
720 4180 859 4235 interdum
876 4181 933 4236 iam
950 4200 967 4236 a
984 4183 1074 4252 poetis
1092 4183 1199 4237 Lesbiis
1217 4200 1294 4237 usur·

114 4274 218 4339 patam
236 4281 315 4329 esse;
334 4265 368 4318 cf.
388 4265 471 4318 etiam
491 4266 587 4321 catull.
607 4284 689 4322 carm.
709 4269 750 4322 68.
786 4269 884 4339 ltaque
902 4269 984 4325 huius
1008 4286 1119 4340 quoque
1143 4271 1293 4324 carminum

112 4359 228 4410 tonnae
242 4353 319 4420 origo
333 4353 368 4406 ad
381 4353 504 4407 cannino
521 4354 666 4423 popularia
682 4356 772 4410 redire
790 4357 911 4421 videtum
930 4357 963 4410 cl.
984 4357 1066 4411 etiam
1085 4373 1195 4412 carmen
1207 4373 1293 4426 popu·

113 4445 179 4499 lare
197 4438 260 4511 ἦλθ’
280 4439 351 4508 vittis
367 4440 479 4508 χελιδών
496 4441 566 4496 PLG
583 4442 639 4496 111⁴
665 4460 691 4512 p.
710 4444 769 4508 671,
795 4445 829 4498 de
848 4461 904 4513 quo
923 4445 1074 4514 disputavit
1090 4445 1124 4499 H.
1141 4445 1248 4499 Usener
1265 4446 1293 4500 in

112 4529 274 4600 Altgriech.
297 4527 435 4590 Versbau,
458 4527 548 4582 Boon.
572 4529 653 4593 1887,
675 4546 702 4598 p.
726 4532 759 4585 81
784 4547 846 4601 sqq.
888 4532 974 4588 Aliter
998 4533 1033 4590 de
1055 4532 1179 4605 Dionysii
1201 4533 1293 4590 verbis

112 4617 255 4674 iudicarit
273 4614 385 4672 ciueius
403 4615 421 4671 l.
440 4633 464 4671 c.
482 4634 508 4685 p.
527 4617 563 4671 80
580 4617 643 4672 adn.
662 4618 687 4672 8.
