3459 5200
937 376 979 441 96

336 584 442 651 1119:
479 581 631 650 coloniam
655 580 776 651 mrimn
798 586 827 651 et
854 605 949 670 mum
984 585 1123 667 naar:
1144 606 1240 670 opum
1259 582 1382 653 naida

379 696 442 763 uai'
485 720 526 765 m.

337 811 364 876 11
379 696 597 876 arbitratu
617 814 727 875 veura
748 813 778 876 a
796 808 875 896 aa
887 808 948 875 aa
984 785 1053 876 vin
1067 812 1156 891 aaa:
1179 808 1235 875 uu
1255 809 1362 875 vara
1383 814 1414 875 a
1429 808 1524 895 qaue
1536 830 1590 875 a·

1025 942 1086 1005 pue
1110 922 1154 987 aa
1178 920 1320 1005 feritatis
1339 921 1496 987 inuidiam
1517 921 1590 1009 tepi-

378 922 565 989 inhonestaa
580 972 588 989 .
605 970 613 991 .
629 974 637 991 .
654 922 832 989 armabatur.

1023 1054 1097 1101 mue
1116 1033 1281 1101 amus.

336 1146 377 1215 lv
400 1149 457 1215 20:
479 1151 596 1213 ueteres
616 1146 749 1227 miiitiae
769 1148 882 1231 (gen).
982 1148 1025 1213 IX
1047 1149 1105 1213 36:
1126 1145 1260 1213 mitit-iae
1279 1150 1377 1213 vetra.

421 1294 659 1361 Annalium:

334 1416 422 1483 150.
445 1419 498 1483 51.
542 1418 651 1483 Taciti
680 1418 722 1481 de
750 1414 872 1482 Marsis
906 1434 926 1481 a
954 1414 1154 1481 Germanico
1189 1418 1361 1500 occupatis
1394 1417 1588 1483 narratione

379 1550 461 1595 usus
485 1549 560 1594 esse
581 1528 714 1594 videtur
736 1528 957 1613 Symmachus
981 1530 1024 1593 ad
1046 1529 1274 1595 Valentiniani
1302 1530 1478 1595 victoriam
1506 1548 1589 1594 sanc

381 1643 486 1707 multo
509 1643 742 1725 gloriosiorem
765 1640 1033 1706 describendam.
1080 1642 1128 1707 Cf.

289 1749 292 1753 ’
337 1754 405 1838 (50)
549 1752 760 1819 circumdatae
795 1750 945 1818 statinus
980 1753 1147 1820 or.1110:
1176 1751 1228 1818 bie
1253 1752 1384 1819 mrtutis
1404 1750 1591 1818 accursibus

379 1864 489 1932 stratis
521 1865 615 1931 etiam
647 1870 716 1931 tum
743 1884 804 1949 per
830 1863 946 1930 cubitia

371 1980 561 2061 propterque
587 1996 712 2043 menam
738 1976 825 2043 nubo
849 1980 945 2058 metu,

378 2110 446 2155 non
473 2088 657 2173 antepositis
689 2088 816 2175 oipiiiia.
860 2088 946 2154 Adeo

376 2206 491 2268 cuncta
526 2200 656 2267 incuria
687 2202 818 2267 disiecta
853 2206 947 2268 erant

376 2335 477 2397 nmue
510 2314 577 2380 belii
605 2312 716 2394 timon·
747 2336 784 2380 aa
812 2334 854 2379 ne
876 2335 947 2398 pax

377 2427 502 2510 quidm
530 2426 596 2493 nisi
617 2426 772 2513 banpuida
794 2432 823 2492 et
844 2426 947 2492 soluta

376 2539 462 2606 inter
496 2539 685 2607 tentabantur.
731 2541 799 2625 (51)
830 2538 947 2605 Caesar

376 2652 486 2719 auidas
506 2653 649 2738 iepiones,
682 2674 744 2735 qua
772 2651 866 2718 latior
888 2674 945 2736 po·

371 2765 495 2849 prelatio
508 2765 599 2849 foret,
614 2770 766 2848 qrrattuor
779 2763 817 2830 in
832 2784 947 2829 naneae

378 2877 540 2962 dispertit·
564 2877 800 2962 quinquaqinta
820 2875 946 2941 mitium

376 2989 516 3074 spatium
541 2987 628 3072 ferro
653 2987 850 3072 flammisque
870 3009 944 3074 per·

377 3105 489 3170 aasmt.
534 3099 612 3166 Nan
633 3123 737 3182 sacrm
770 3121 839 3167 non
859 3104 946 3166 aem

376 3213 610 3281 miserationem
646 3213 773 3294 attulit·
803 3211 945 3298 profana

377 3326 473 3392 simui
499 3331 529 3392 et
550 3346 642 3393 sacra
662 3331 693 3391 et
714 3325 945 3392 ceurennum

377 3439 441 3504 iliis
463 3439 611 3525 pentibus
633 3439 781 3523 nmmum
804 3488 861 3506 ...
884 3438 945 3504 sota

376 3557 565 3634 mereantur.
590 3551 944 3633 Sirreurrtneremiiites,

376 3664 433 3746 qui
446 3664 655 3747 annumeras,
670 3664 807 3732 inermos
821 3669 879 3731 aret
884 3685 944 3749 pa·

376 3775 475 3842 tantia
496 3777 681 3844 ceciderant.

335 3891 376 3956 lv
391 3892 448 3958 67:
471 3891 525 3956 sea
540 3895 608 3956 tum
623 3887 769 3956 Tiberim
783 3887 945 3956 duadenm

376 4001 526 4070 unitarum
554 4001 738 4069 nominibus
764 4007 794 4068 ct
815 4001 946 4068 moi-ibus

377 4115 546 4198 insederat,
568 4120 687 4198 perante
706 4115 851 4182 intentus
872 4114 945 4180 oiim

371 4228 515 4313 publicas
529 4229 571 4295 aa
584 4249 687 4310 uerae,
711 4233 800 4294 tanto
814 4228 945 4294 maritas

377 4343 416 4408 in
436 4342 535 4408 iunias
556 4347 585 4409 et
605 4341 725 4408 ndum
743 4341 843 4408 otium
862 4363 944 4407 reso-

377 4453 474 4523 iutna.
536 4457 646 4524 Etiam
692 4457 726 4523 in
771 4457 944 4540 deperdito

378 4569 495 4654 quinta
517 4569 605 4636 libro
621 4570 748 4637 Tiberii
772 4589 943 4634 secessum

379 4684 583 4765 descriptum
611 4683 715 4748 tuisse
743 4681 943 4748 verisimilli-

249 4833 252 4838 -
379 4814 470 4858 mum
494 4798 555 4858 est.

1021 1884 1090 1929 nan
1125 1863 1299 1948 obreptioni
1332 1864 1387 1930 oia
1422 1864 1591 1947 quaeritur·

1022 1997 1080 2042 nec
1094 1976 1279 2061 repentinae
1293 1976 1379 2044 caedi
1393 1977 1591 2043 ins-idianam

1023 2091 1178 2175 †appacit
1191 2089 1290 2173 ferire
1305 2095 1517 2175 praeventaa;
1536 2112 1590 2155 ex-

1022 2206 1134 2269 aturat
1159 2203 1307 2269 animum
1331 2202 1501 2290 piar-ionem
1524 2201 1590 2286 for·

1024 2318 1140 2382 tic-nata
1153 2314 1305 2383 adamas.
1334 2315 1420 2382 abire
1433 2338 1505 2382 cum
1518 2315 1590 2380 iibe-

1023 2424 1072 2492 ris
1092 2432 1132 2508 et,
1164 2449 1226 2510 qua
1245 2428 1348 2514 napis
1375 2432 1592 2515 capnoscerent

1024 2538 1100 2607 bella
1114 2539 1209 2627 enipi,
1226 2540 1402 2626 patiebaris
1415 2562 1435 2607 a
1450 2538 1591 2608 barbarie

1023 2673 1115 2719 arma
1137 2653 1318 2737 transferri.
1361 2675 1453 2719 naria
1476 2653 1592 2720 ribus

1023 2765 1134 2830 arturis
1166 2771 1303 2831 cmtecta
1336 2766 1506 2851 purpostia
1537 2767 1589 2832 in-

1023 2877 1178 2943 ternecivo
1198 2877 1273 2964 ipnc
1287 2879 1460 2965 poputum
1473 2885 1518 2945 est
1531 2900 1590 2945 nec

1022 2989 1249 3056 indormientee
1275 2990 1396 3057 iactatis
1415 2991 1502 3075 feras
1522 3013 1589 3060 aaa·

1023 3109 1087 3169 tres
1096 3103 1308 3170 antelucanus
1315 3110 1425 3189 raptor
1433 3105 1590 3185 eatracit;

1023 3214 1079 3280 uia
1093 3217 1246 3282 mactata
1266 3215 1400 3282 indiam
1415 3217 1545 3302 crepida
1559 3222 1590 3282 et

1022 3328 1220 3414 refriperatis
1241 3328 1393 3396 cubitibus
1412 3328 1524 3415 fupam
1537 3352 1587 3394 ve·

1022 3441 1098 3508 arae
1117 3441 1323 3509 manarunt.

981 3911 1030 3956 or.
1052 3890 1066 3955 Ι
1091 3893 1145 3956 16;
1181 3890 1216 3955 hi
1241 3894 1320 3957 sunt
1344 3891 1392 3956 itii
1413 3890 1591 3976 triumfales

1021 4001 1095 4082 uiri,
1111 4001 1251 4069 delicatia
1264 4003 1399 4090 nepotiis
1410 4003 1589 4086 frequenti·

1022 4114 1079 4180 bus
1110 4113 1261 4199 arnapati,
1297 4135 1429 4182 amcam
1460 4115 1589 4182 litorum

1022 4233 1242 4311 terrarumque
1282 4227 1386 4313 mrima
1428 4234 1591 4296 sectantes.

1021 4341 1070 4406 ais
1111 4345 1220 4426 petam
1262 4341 1430 4426 prammae
1476 4341 1602 4408 aetatis·

1022 4452 1184 4538 acanpta?
1207 4503 1214 4519 .
1238 4504 1247 4522 .
1270 4505 1279 4522 .
1306 4453 1452 4520 Tiberirm
1478 4453 1516 4520 in
1537 4454 1589 4520 de·

1020 4566 1168 4632 vasoriis
1199 4566 1383 4633 insularum
1408 4571 1529 4634 natans
1557 4571 1589 4632 ct

1020 4679 1179 4767 navipans
1199 4679 1362 4746 adoratur.
1410 4681 1458 4746 Cf.
1480 4702 1513 4765 p.
1536 4683 1588 4746 22.
