3459 5200
783 397 826 463 53

278 592 329 658 Ab
359 613 399 658 ea
428 613 494 676 qna
524 611 602 659 usus
632 599 682 658 est
709 591 888 676 Dionysius
914 591 1217 658 Halicarnasseusis
1245 591 1419 658 severitate

189 701 324 766 multum
347 699 542 764 remiserunt
563 698 708 764 rhetores
731 698 921 765 recentioris
940 698 1061 764 aetatis
1075 718 1133 782 pro
1147 697 1419 782 pronuntiationis

191 805 435 892 depravatione,
466 824 550 889 quae
575 805 695 871 sensim
718 804 1013 890 pedetemptimque
1036 802 1069 868 in
1093 805 1235 885 linguam
1260 803 1420 869 Graecam

191 913 330 998 irrepsit.
377 912 614 978 Immutationis
647 911 917 978 increbrescentis
944 910 1040 977 testis
1067 911 1340 996 locupletissimus
1369 915 1421 976 ast

188 1019 365 1104 Leochares,
389 1017 469 1083 artis
493 1017 674 1084 rhetoricae
697 1017 864 1103 magister,
890 1017 982 1084 cuius
1005 1017 1193 1083 memoriam
1211 1015 1421 1084 resuscitavit

189 1125 442 1204 Studemundus‚
482 1144 554 1190 curn
592 1123 896 1191 Pseudo-Castoris
928 1131 1082 1210 excerpta
1114 1123 1276 1190 rhetorica
1308 1122 1420 1189 ederet

190 1232 407 1298 Vratislaviae
430 1250 460 1295 a.
487 1232 584 1300 1888.

278 1338 490 1421 Laoharer,
514 1337 569 1422 qui
593 1358 679 1403 anno
701 1338 770 1405 430
792 1337 930 1405 Athenis
952 1337 1114 1404 rhetorica
1135 1335 1234 1402 laude
1256 1335 1364 1401 floruit
1387 1341 1420 1402 et

190 1444 297 1511 medio
328 1443 396 1511 lere
424 1444 557 1510 saeculo
586 1445 697 1528 quinto
727 1444 1008 1531 Constantinopoli
1036 1451 1138 1510 artem
1165 1442 1359 1509 rhetoricam
1385 1443 1419 1507 in

190 1551 309 1618 scholis
333 1550 455 1630 docuit,
485 1550 679 1638 doctrinam,
709 1571 806 1636 quam
835 1552 1043 1618 excoluerunt
1069 1550 1248 1636 Dionysius
1269 1549 1417 1615 Halicar-

191 1658 358 1725 nassensis
391 1663 424 1723 et
456 1657 692 1742 Hermogenes,
728 1677 849 1724 meram
883 1679 948 1724 non
978 1657 1129 1742 tradidit,
1162 1656 1221 1724 scd
1253 1655 1297 1721 ad
1326 1675 1419 1722 suum

189 1765 355 1830 arbitrium
372 1763 464 1829 auxit
478 1771 511 1829 et
524 1765 719 1830 immutavit.
749 1764 911 1851 Imprimis
929 1764 987 1830 ille
1009 1764 1051 1830 de
1075 1763 1235 1848 eligendis
1259 1764 1308 1829 cis
1325 1761 1417 1848 pedi·

190 1871 251 1937 bus
275 1869 416 1936 metricis
439 1871 495 1954 qui
519 1869 562 1935 ad
586 1871 754 1937 verborum
778 1877 944 1960 σεμνότητα
972 1871 1177 1938 efficiendam
1206 1871 1275 1957 apti
1298 1874 1417 1953 essent,

193 1997 264 2044 eum
288 1976 447 2062 Dionysio
471 1976 628 2044 dissensit
651 1978 704 2056 (cl.
721 1978 924 2046 Studemund
946 1977 1136 2065 l.1.p.12).
1170 1977 1260 2043 ldem
1273 1983 1418 2043 veterum

189 2083 230 2150 de
253 2082 473 2169 ponderandis
497 2085 730 2151 vocabulorum
748 2085 885 2171 syllabis
903 2086 995 2170 legas
1010 2085 1105 2152 enixe
1119 2086 1293 2152 observare
1308 2101 1417 2168 super·

189 2190 288 2272 sedit3
326 2190 423 2256 immo
457 2210 530 2255 enm
563 2191 709 2277 syllabas
746 2192 976 2277 pronuntiandi
1013 2193 1065 2258 vel
1100 2190 1289 2278 pensitandi
1323 2207 1418 2256 usum

188 2296 418 2362 animadvertit
446 2297 500 2380 qui
531 2305 641 2365 aetate
670 2299 740 2366 eius
767 2299 788 2365 i.
814 2319 841 2366 e.
867 2300 1000 2367 sacerdo
1023 2320 1055 2385 p.
1079 2298 1137 2364 eh.
1165 2299 1275 2382 quinto
1302 2295 1416 2380 viguit.

193 2403 320 2469 Diserte
344 2403 428 2469 enim
447 2404 594 2471 vocalem
614 2415 679 2471 Aa
702 2407 870 2474 vocalibus
893 2411 915 2467 T
941 2415 974 2474 et
995 2417 1008 2470 Ι
1032 2407 1174 2474 seiunxit
1186 2407 1207 2471 l.
1222 2404 1244 2470 l.
1258 2427 1290 2490 p.
1306 2405 1359 2489 22,
1374 2405 1417 2470 28

189 2510 268 2575 ἀλλὰ
290 2513 343 2576 καὶ
365 2519 456 2576 τοῦτο
479 2515 522 2600 μὴ
546 2513 778 2589 διαλανθσνέτω,
803 2513 845 2587 ὡς
869 2512 899 2579 αἱ
921 2518 1007 2579 θέσει
1030 2518 1145 2601 μακραὶ
1159 2513 1193 2593 (i.
1210 2532 1238 2578 e.
1255 2513 1417 2592 συλλαβαὶ)
1517 2563 1520 2569 -

189 2616 459 2706 ἀνεμποδίστως
496 2623 769 2695 συστέλλονται,
807 2620 900 2686 ἀλλὰ
935 2624 998 2686 καὶ
1028 2626 1066 2686 τὸ
1098 2625 1121 2680 t'
1151 2623 1213 2686 καὶ
1243 2622 1284 2685 τὸ
1315 2627 1343 2680 1·
1376 2620 1419 2682 τὸ

189 2730 308 2811 μέντοι
331 2732 356 2785 Α
380 2722 427 2797 ὡς
449 2728 553 2812 pirosa
576 2728 740 2808 διογκσῦν
764 2730 802 2793 τὸ
825 2734 945 2816 στόμα
966 2732 1028 2794 καὶ
1054 2725 1298 2815 εὔφωνστέρσν
1324 2734 1419 2790 ποιεῖ

187 2837 248 2918 τὴν
270 2833 468 2918 συλλαβήν.
506 2832 593 2916 Ergo
617 2832 906 2902 docuitLachares
930 2821 1087 2921 syllabas,
1111 2853 1195 2918 quae
1218 2832 1419 2899 continerent

187 2936 378 3023 productam
400 2938 547 3003 vocalem
570 2943 592 2998 Υ
616 2946 673 3005 aut
697 2948 726 3025 1,
751 2940 795 3006 ad
819 2942 1053 3027 correptionem
1082 2941 1166 3007 adeo
1188 2958 1309 3026 pronas
1333 2950 1416 3023 esse,

188 3050 223 3108 nt
255 3063 323 3127 eas,
359 3042 415 3109 ubi
447 3063 529 3129 opus
562 3053 658 3130 esset,
695 3046 740 3112 ad
773 3067 866 3114 sunm
902 3049 1018 3133 cuique
1055 3048 1222 3114 arbitrium
1254 3045 1416 3130 corripere

187 3150 315 3232 liceret3
354 3149 610 3217 concludendum
643 3159 695 3218 est
724 3153 907 3221 Lacharem
938 3154 1114 3239 negavisse
1141 3154 1298 3240 syllabas,
1331 3170 1416 3236 quaa

189 3256 390 3323 continerent
422 3264 588 3344 correptas
608 3259 753 3326 ‘vocales
781 3266 804 3321 t
831 3268 888 3327 aut
914 3271 937 3346 1,
970 3261 1014 3327 ad
1045 3261 1290 3348 productionem
1318 3265 1416 3344 aptas

188 3382 271 3429 esse.
326 3363 355 3428 A
388 3363 556 3432 vocalibus
579 3368 602 3425 t
625 3373 703 3446 etl,
737 3388 821 3451 quae
854 3368 954 3435 edunt
985 3368 1083 3434 vilem
1114 3387 1238 3446 sonum,
1275 3365 1418 3433 seiunxit

187 3468 351 3536 Lachere·
383 3471 531 3537 vocalem
561 3481 594 3557 Α,
626 3494 710 3557 qnae
742 3475 809 3540 late
841 3476 1048 3560 graviterque
1080 3483 1183 3542 sonat.
1234 3475 1341 3558 Atque
1372 3472 1416 3539 ob

187 3576 311 3642 vocalis
329 3587 355 3641 Δ
378 3584 527 3643 naturam
551 3586 650 3663 atque
672 3580 815 3648 indolem
838 3590 923 3649 teste
944 3582 1092 3649 Lachere
1115 3602 1178 3648 non
1198 3582 1302 3648 solum
1316 3578 1414 3665 sylla-

187 3681 260 3766 bae,
285 3702 370 3765 quae
392 3682 477 3749 hane
500 3686 646 3753 vocalem
670 3687 860 3773 productam
884 3690 1063 3769 continent,
1093 3689 1266 3774 genuinam
1289 3685 1416 3772 quanti·

188 3793 287 3853 tatem
311 3790 425 3854 mirum
449 3800 604 3874 quantum
630 3801 797 3861 servarent
812 3814 947 3862 necesse
962 3804 1041 3875 erat,
1066 3795 1125 3864 sed
1140 3795 1240 3861 etiam
1254 3793 1414 3880 syllabae,

188 3913 273 3978 quae
305 3904 486 3982 correptam
521 3900 669 3965 vocalem
702 3902 930 3987 Acontinent,
966 3902 1010 3969 ad
1041 3902 1286 3989 productionem
1317 3907 1416 3986 aptae

187 4000 380 4068 videbantur
403 4023 477 4072 esse
500 4005 555 4088 (cl.
579 4006 779 4075 Studamund
803 4010 823 4073 l.
847 4009 869 4075 l.
893 4031 925 4096 p.
952 4013 1017 4091 12).

276 4108 326 4174 Ea
349 4130 433 4193 quae
457 4112 703 4198 explanavimus
727 4114 769 4182 de
791 4115 960 4184 vocalibus
975 4121 1057 4176 tlt
1078 4113 1299 4201 ponderandis
1321 4132 1415 4198 prae·

190 4223 287 4300 cepta
317 4215 508 4284 abachum
531 4218 605 4305 ipso
634 4242 675 4287 ex
703 4221 792 4289 illius
820 4224 940 4289 aetatis
963 4243 1025 4289 usu
1046 4222 1200 4307 loquendi
1223 4221 1303 4287 data
1326 4226 1414 4299 sunt3

187 4320 247 4387 sed
274 4330 497 4407 superstructa
527 4333 601 4392 sunt
629 4328 659 4393 ei
689 4326 731 4393 de
758 4329 920 4395 vocalium
947 4330 1225 4415 magniloquentia
1248 4327 1415 4393 doctrinae

187 4448 284 4511 quam
312 4428 491 4515 Dionysius
524 4431 827 4503 Halicarnassensis
859 4438 1003 4523 protulit.
1053 4438 1087 4503 Is
1115 4437 1214 4521 enim,
1241 4456 1312 4503 cnm
1339 4432 1415 4498 libri

188 4533 229 4600 de
252 4536 339 4603 verb.
365 4556 467 4623 comp.
491 4539 599 4624 capite
621 4540 697 4606 XlV
722 4544 765 4628 (p.
784 4546 847 4612 182
857 4563 927 4627 sqq.
952 4545 1004 4613 cd
1024 4545 1164 4626 Schaef.)
1189 4543 1232 4610 de
1254 4543 1413 4609 vocalium

187 4647 302 4706 natura
330 4650 429 4727 atque
458 4644 567 4712 indole
596 4648 782 4715 accuratius
810 4650 1007 4736 disputaret,
1036 4670 1229 4719 esonorum
1251 4648 1415 4735 gravitate
