3459 5200
770 411 831 475 137

183 602 347 670 Editinnie
369 603 649 672 Rittershneienee
671 605 772 671 verba

272 709 340 796 ᾔτει
363 713 462 795 λαβεῖν
486 710 624 797 ἀγροῖκον
645 709 772 799 ἱππότης
795 713 896 793 λαγών

183 816 340 883 mutanda
362 838 427 885 non
451 825 540 901 sunt3
564 818 605 887 ef.
629 822 649 900 ξ
674 820 705 887 2.

272 947 343 1010 tetr.
368 944 421 1021 38,
446 944 467 1009 2
490 942 607 1031 μὺρμηί
631 942 655 1008 δ’
670 941 743 1031 ἔφη·
765 947 837 1021 11,τί
860 944 898 1030 δὴ
919 948 932 1019 ΙΙ
952 946 1061 1028 θέρους
1083 942 1167 1017 ὄντος
1189 942 1217 1025 γ’
1231 944 1329 1029 ἔδρας.

185 1046 306 1133 angoz
332 1048 449 1137 μὺρμηξ
472 1049 497 1114 δ’
512 1051 620 1137 ἔφησε·
644 1054 673 1115 τί
695 1054 802 1134 θέρους
824 1048 912 1123 ὄντος
936 1050 1035 1135 ἕδρας.
1084 1048 1131 1115 CI
1152 1070 1185 1135 p.
1212 1051 1264 1117 78.

527 1246 545 1328 9
568 1246 600 1313 9.
644 1244 700 1311 De
723 1248 743 1303 Ξ
767 1244 904 1312 littera
926 1245 1068 1311 Attica.

274 1367 432 1435 Litterem
455 1374 480 1429 N
505 1368 738 1455 paregogieem
761 1384 825 1435 non
856 1368 960 1435 solnm
988 1369 1097 1435 hiatus
1125 1367 1270 1434 evitandi
1298 1389 1412 1454 ennea,

186 1473 245 1541 sed
269 1474 367 1541 etiam
391 1474 435 1541 ed
462 1475 593 1542 brevem
620 1474 781 1561 syllabam
813 1474 945 1541 finalem
976 1476 1138 1562 positione
1169 1474 1411 1561 producendam

186 1581 227 1647 ab
250 1580 421 1667 Ignatio,
445 1581 680 1662 Theodosio,
704 1582 850 1649 Ioanne
872 1582 1059 1662 identidem,
1084 1603 1246 1666 nunquam
1264 1603 1286 1649 a
1304 1582 1411 1648 Chri·

186 1688 370 1774 stophoro
395 1696 582 1775 usurpatam
608 1710 681 1757 ense
705 1710 805 1775 snpra
828 1690 955 1773 monni3
979 1690 1019 1759 ef.
1043 1711 1076 1775 p.
1102 1690 1144 1757 76
1168 1710 1216 1773 sq.

275 1812 604 1880 Animadvertendum
627 1821 678 1879 est
699 1814 891 1897 Ignatium
905 1813 1010 1880 nolum
1023 1812 1139 1879 eodem
1153 1812 1288 1879 coneilio
1302 1812 1412 1879 Attice

187 1938 314 2003 qnoque
337 1918 440 1985 forma
463 1920 512 1993 ξὺν
536 1923 607 2005 (pro
632 1922 696 2001 οὑν)
719 1939 813 1987 usum
836 1940 925 1987 eene:

275 2027 309 2092 in
331 2026 447 2094 Adam.
475 2030 514 2095 18
538 2024 617 2112 ὕδωρ
639 2050 670 2092 τε
693 2030 836 2112 καὶπῦρ,
860 2026 935 2113 ἀέρα
958 2028 1017 2101 ξὺν
1040 2025 1141 2113 αἰθέρι

187 2132 259 2215 (sed
283 2134 322 2201 ef.
345 2134 379 2199 in
401 2132 516 2200 Adam.
539 2136 581 2201 69
604 2139 656 2201 καὶ
679 2134 790 2207 δέξεται
812 2132 950 2222 τάχιστα,
973 2137 1032 2199 σὺν
1055 2138 1104 2199 σοὶ
1124 2137 1178 2201 καὶ
1199 2131 1301 2220 φάγῃ).

276 2257 326 2324 De
349 2263 370 2317 Ξ
393 2258 522 2325 litterae
545 2260 673 2325 Atticae
696 2278 757 2325 unu
780 2259 821 2327 ef.
837 2258 974 2343 Hilberg
996 2260 1030 2324 in
1043 2258 1173 2325 Wiener
1191 2256 1325 2325 Studien
1346 2256 1411 2324 vol.

186 2364 264 2429 VIII
286 2386 318 2451 p.
343 2367 408 2432 908
432 2373 465 2431 et
487 2365 518 2430 X
540 2386 572 2451 p.
595 2366 648 2433 89.
