3459 5200
951 412 991 477 10

352 604 466 671 ἐδίδοτο
488 612 547 670 τῶν
569 606 756 691 δημαγωγῶν
773 608 813 670 τὰ
831 607 939 692 πλήθη
953 607 1188 684 animandorum
1211 603 1254 678 ὣς
1268 628 1358 695 φησιν
1372 602 1591 692 Ἀριστοτέλης
1705 573 1706 578 ¹

352 710 385 778 tv
408 721 475 784 ταῖς
497 715 670 789 πολιτείαις,
698 710 838 776 alterum
863 711 1020 797 Hesychii
1043 732 1071 779 s.
1093 733 1124 777 v.
1153 714 1335 778 δικαστικόν·
1364 708 1591 798 Ἀριστοφάνης

350 818 384 882 ἐν
394 817 506 903 Ὥραις
527 819 683 903 τριώβολον
707 841 793 906 φησιν
818 816 905 885 εἶναι·
930 815 965 883 od
987 818 1087 905 μέντοι
1110 817 1246 905 ἔστηκεν,
1271 816 1341 884 ἀλλ’
1355 818 1467 885 ἄλλοτε
1483 817 1591 891 ἄλλως
1705 853 1706 856 “

353 925 478 992 ἐδίδοτο.
516 923 608 1003 Quae
633 925 662 991 si
684 924 769 991 iuter
793 944 829 992 se
853 924 1038 1009 contuleris,
1061 924 1226 992 Pollucem
1249 925 1324 1011 ipsa
1345 927 1447 992 verba
1461 925 1589 991 Arinto·

351 1030 427 1099 telis
451 1032 602 1119 posuisse
623 1051 682 1116 pro
707 1038 793 1098 certo
818 1031 974 1098 affirmari
998 1052 1062 1098 non
1085 1051 1185 1118 posse
1206 1032 1390 1117 intelleges.
1429 1032 1496 1099 Sed
1515 1040 1592 1098 utut

353 1147 411 1217 est,
436 1140 502 1222 (τὼ)
517 1137 561 1205 to’
575 1137 673 1222 ὀβολοί
696 1139 868 1223 priscam
882 1138 984 1205 fuisse
998 1137 1178 1225 formulam,
1203 1160 1300 1223 quam
1323 1148 1438 1205 auctor
1459 1146 1589 1205 tautum

351 1246 533 1330 retinuerit,
575 1245 728 1329 consequi
766 1264 807 1311 ex
842 1244 1071 1331 Aristophanis
1107 1246 1189 1313 Rau.
1225 1247 1290 1313 140
1324 1252 1367 1312 τὼ
1402 1243 1447 1312 δί’
1484 1246 1591 1331 ὀβολώ
1705 1319 1706 1350 χ

351 1353 389 1420 R.
413 1352 565 1419 Poerster
586 1372 638 1417 me
660 1352 792 1417 monuit.
845 1348 956 1427 Quare
979 1358 1069 1419 certe
1091 1351 1174 1419 haec
1195 1351 1301 1417 forma
1327 1352 1372 1418 ad
1395 1352 1588 1420 Aristotelis
1705 1355 1706 1358 ’

351 1459 456 1545 ipsius
480 1478 573 1527 usum
596 1456 841 1524 diiudicandum
864 1457 945 1522 nihil
968 1457 1057 1526 facit.

443 1564 646 1632 Accedamus
669 1563 713 1630 ad
737 1570 945 1650 postremam,
968 1585 1053 1648 quae
1077 1571 1127 1631 eet
1146 1562 1188 1630 de
1208 1563 1329 1649 formis,
1352 1566 1591 1650 quaestionem,

353 1694 428 1739 num
456 1672 646 1739 Aristoteles
677 1671 780 1736 torma
813 1670 941 1737 articuli
973 1682 1042 1738 ταῖν
1070 1691 1149 1739 usus
1177 1671 1230 1740 sit.
1277 1669 1351 1748 Qua
1378 1671 1420 1738 de
1448 1691 1484 1738 re
1515 1693 1591 1739 cum

317 1818 320 1823 -
352 1780 435 1847 inter
462 1778 576 1846 doctos
604 1779 692 1845 viros
719 1778 853 1843 multum
881 1778 1001 1862 diuque
1028 1777 1249 1864 disceptatum
1272 1779 1329 1863 sit,
1357 1778 1456 1865 paulo
1480 1778 1590 1847 fusius

351 1886 445 1953 nobis
473 1884 698 1952 disserendum
726 1886 794 1951 erit.
850 1884 1017 1970 Exemplis
1045 1905 1130 1969 quae
1157 1886 1265 1952 Hasce
1297 1885 1432 1971 protulit
1464 1886 1592 1969 (Ueher

354 1992 418 2061 den
432 1992 520 2059 Dual
542 1993 596 2059 hei
619 1992 683 2058 den
707 1998 765 2058 att.
781 1992 914 2077 Pragg.‚
937 1992 1255 2073 Bartenstein1891‚
1278 1991 1413 2061 Jahrbb.
1430 1991 1452 2061 f.
1467 1991 1589 2060 Philol.

354 2101 418 2167 143
440 2121 473 2186 p.
487 2101 554 2167 416
565 2119 624 2184 sq,
649 2098 804 2166 Zeitsehr.
830 2098 852 2167 f.
869 2097 901 2166 d.
917 2098 1221 2184 Gymnasialwesen
1239 2101 1322 2167 1891
1344 2121 1376 2185 p.
1391 2101 1592 2180 our-579)

351 2206 490 2292 primum
521 2206 676 2291 probatur
707 2214 773 2272 ταῖν
804 2204 908 2272 fuisse
940 2204 1077 2272 formam
1108 2206 1251 2273 Atticam
1284 2205 1339 2290 (ci.
1363 2206 1462 2274 CIA.
1487 2206 1530 2286 ΙΙ,
1556 2209 1589 2292 3,

353 2314 439 2381 1559
466 2311 566 2378 medii
593 2312 662 2378 fere
685 2312 808 2379 saeculi
832 2312 954 2395 quarti:
988 2312 1085 2399 Φ]ίλη
1113 2323 1176 2380 ταῖν
1204 2316 1292 2380 θεαῖν
1318 2312 1490 2401 [ε]ί)ξαρίνη
1513 2310 1592 2398 ὑπὲρ

350 2430 402 2486 τοῦ
439 2421 581 2505 παιδίου),
623 2426 689 2485 tum
726 2419 824 2504 paulo
862 2418 1112 2503 frequentiorem
1149 2440 1221 2487 earn
1258 2419 1361 2487 fuisse
1401 2440 1499 2503 quam
1536 2426 1592 2497 τοί,

352 2547 436 2612 quae
466 2527 532 2593 nisi
564 2546 637 2592 cum
669 2524 852 2593 nominibus
884 2526 918 2591 in
951 2551 972 2592 α
998 2526 1172 2592 coniuncta
1203 2546 1267 2592 non
1300 2527 1477 2612 invenitur,
1509 2536 1593 2614 pout

351 2633 553 2720 Thucydidis
577 2641 720 2702 aetatem
743 2634 872 2700 omniuo
897 2635 1038 2700 evanuit.
1087 2634 1267 2721 Sophocles
1296 2635 1381 2701 euim
1406 2642 1439 2702 et
1460 2636 1588 2702 Aristo-

350 2741 477 2828 phanes
509 2741 663 2808 leminina
695 2748 882 2808 constanter
909 2761 981 2807 cum
1008 2753 1071 2809 ταῖν
1104 2742 1352 2827 coniunxerunt,
1386 2741 1591 2828 posteriores

351 2854 474 2914 tantum
497 2847 651 2914 feminina
674 2848 707 2914 in
731 2871 796 2914 -αιν
820 2847 1013 2916 desinentia.
1060 2849 1184 2915 Tamen
1207 2848 1296 2935 apud
1311 2849 1483 2915 Platonem
1497 2849 1588 2917 Tim.

352 2955 431 3022 rel)
456 2957 534 3022 δυοῖν
555 2978 589 3020 τε
611 2965 675 3022 ταῖν
700 2954 838 3028 διεξόδοιν
861 2960 894 3020 et
916 2954 1005 3040 apud
1027 2953 1158 3022 Isaeum
1181 2958 1212 3040 6,
1234 2957 1278 3023 39
1306 2965 1372 3023 ταῖν
1400 2957 1591 3041 θυγατέροιν,

351 3067 388 3127 ut
415 3061 526 3127 estin
554 3061 661 3146 libris,
689 3061 873 3145 legendum.
920 3061 1017 3147 Apud
1046 3061 1255 3128 Aristotelem
1281 3074 1349 3129 ταῖν
1376 3062 1428 3129 his
1451 3062 1485 3127 in
1506 3083 1588 3129 nou·

351 3167 449 3235 nullis
472 3167 563 3235 libris
586 3168 760 3235 iuvenitur:
784 3171 879 3234 πολιτ.
903 3169 936 3233 ΙΙ
963 3171 1002 3236 12
1026 3189 1058 3254 p.
1085 3170 1253 3237 1274o14.
1298 3179 1359 3236 τοῖν
1384 3181 1484 3257 χεροῖν
1509 3171 1591 3252 (ταῖν

351 3274 397 3353 Qb
425 3274 591 3360 [BeklrerD
617 3285 749 3341 -ταῖν
776 3287 877 3362 χεροῖν
906 3281 995 3354 (ταῖν
1017 3275 1065 3340 11¹
1088 3274 1132 3340 P*
1155 3286 1216 3343 τοῖν
1238 3275 1333 3346 codd.
1357 3276 1464 3344 Belrk.
1494 3275 1586 3361 [fors.

351 3383 462 3467 recte]‘
487 3381 672 3464 Susemihl.)
698 3389 734 3464 et

395 3513 477 3578 ττχν.
503 3487 567 3577 pqr.
592 3488 639 3554 lIl
665 3492 705 3557 16
729 3511 761 3575 p.
780 3490 919 3558 ltltbr
947 3500 1006 3555 τοῖν
1029 3499 1128 3577 χεροῖν
1151 3494 1229 3573 (ταῖν
1244 3488 1274 3568 Q
1288 3489 1335 3555 Yb
1350 3489 1393 3554 Zl'
1416 3490 1590 3576 [Belrkerll

945 3607 1006 3662 τοῖν
1024 3607 1128 3685 χεροῖν
1145 3601 1218 3680 (ταῖν
1232 3596 1385 3663 elltld.
1401 3597 1590 3683 [RoemerD.

441 3701 520 3768 Oum
543 3702 641 3787 igitur
664 3723 767 3787 usqne
790 3702 834 3768 ad
856 3703 1027 3769 Platonem
1050 3710 1084 3770 et
1099 3704 1229 3770 Isaeum
1251 3714 1317 3771 ταῖν
1341 3704 1443 3770 forma
1466 3704 1500 3769 in
1522 3723 1589 3771 usu

352 3815 448 3887 esset,
473 3808 562 3896 apud
581 3809 833 3878 Demosthenem
858 3810 994 3894 eiusque
1017 3810 1184 3895 aequales,
1208 3809 1297 3896 apud
1320 3809 1585 3896 Theophrastum

352 3935 455 4000 usque
490 3916 534 3982 ad
566 3914 738 4002 Polybium
766 3916 911 3983 feminini
944 3917 1072 3983 articuli
1105 3916 1214 3984 dualis
1242 3917 1425 4002 exemplum
1456 3918 1588 3983 omnino

350 4022 475 4090 nullum
506 4029 666 4109 occurrat,
696 4043 763 4090 nou
797 4030 860 4109 est,
895 4043 951 4089 cur
983 4023 1169 4091 Aristotelis
1202 4031 1311 4091 aetate
1346 4034 1413 4091 ταῖν
1448 4024 1585 4090 formum

352 4130 516 4197 interiisse
539 4129 748 4198 affirmemus.
795 4128 904 4208 Quare
926 4141 992 4197 ταῖν
1015 4151 1054 4197 eo
1079 4131 1208 4215 quidem
1232 4131 1320 4217 loco,
1345 4151 1408 4215 quc
1431 4131 1586 4198 librorum

350 4235 519 4303 meliorum
550 4237 729 4303 auotoritas
762 4242 870 4303 tuetur
901 4239 969 4304 πολ.
998 4237 1031 4302 Il
1061 4241 1102 4304 12
1129 4259 1162 4324 p.
1189 4238 1347 4305 12141114
1382 4237 1585 4304 retinendum

351 4362 426 4410 esse
448 4363 576 4411 censeo.

439 4451 559 4517 Paucis
588 4450 616 4517 si
643 4449 946 4537 comprehendimus
977 4451 1163 4520 Aristotelis
1191 4472 1300 4537 usum,
1332 4451 1470 4537 primum
1492 4457 1585 4538 patet

351 4556 479 4624 dualem
517 4559 686 4624 verborum
723 4564 854 4645 praeter
890 4578 989 4624 uuam
1025 4559 1162 4625 formam
1201 4563 1244 4642 (π.
1266 4581 1293 4624 τ
1320 4563 1383 4644 ζῷα
1409 4557 1463 4624 ίστ
1492 4558 1582 4624 vta

349 4684 382 4749 p.
410 4663 530 4731 562114
557 4663 648 4753 ἄμφω
672 4662 698 4730 δ’
722 4665 829 4754 ἤστην)
853 4685 986 4750 prorsus
1019 4665 1202 4734 evanuisse.
1255 4665 1428 4733 Nominum
1461 4665 1583 4731 formae
