3459 5200
763 417 803 482 11

676 505 889 516 ..ι’-.-

168 619 269 680 uisas
292 619 404 701 μόνων
433 611 544 679 ὄντων
572 615 660 698 πρὸς
688 617 753 700 τὴν
785 610 930 702 pactast)
973 609 1089 694 Neque
1120 617 1230 678 tamen
1261 609 1395 676 Sextum
1494 679 1497 683 ,

168 720 364 788 recentiores
388 718 589 805 grammatici
613 718 715 786 sacnti
739 725 827 797 sunt;
851 719 948 785 immo
962 735 1090 802 semper
1103 717 1206 784 valuit
1219 717 1254 784 in
1267 717 1394 803 Bynan·

169 827 306 895 tinorum
329 824 449 895 scholis
473 825 619 892 doctrina
641 834 795 912 veterum,
825 825 887 893 etsi
916 843 1023 893 sermo
1053 822 1236 893 cotidianus
1263 824 1297 891 in
1322 823 1394 892 dies

168 934 274 1020 inagis
296 935 483 1001 immutatus
507 940 540 1000 et
563 931 647 1000 adeo
671 938 842 1020 corrnptns
866 939 927 1011 est,
951 940 987 998 nt
1009 931 1140 1000 litterae
1161 936 1395 992 illidium

168 1043 264 1109 nnius
291 1043 362 1109 soni
390 1041 401 1106 i
428 1041 491 1108 vim
526 1039 695 1124 haberent3
729 1039 770 1108 oi.
802 1039 954 1107 Garolnm
983 1038 1065 1125 Foy,
1098 1040 1305 1124 unaystem
1337 1035 1397 1106 der

169 1148 398 1216 Grieohischon
413 1147 676 1234 Vulgttrspraclne
691 1147 793 1235 (Lips.
805 1149 905 1227 1818)
927 1167 959 1234 p.
973 1149 994 1214 2
1018 1152 1051 1214 et
1068 1143 1253 1214 Oonradum
1267 1143 1394 1214 Zacher

169 1257 190 1324 l.
215 1257 236 1322 l.
259 1276 291 1343 p.
316 1259 346 1325 6.
367 1259 422 1324 44.
468 1257 583 1341 Itaque
606 1276 647 1324 oa
670 1255 782 1341 lingna
810 1253 939 1322 Graeca
964 1273 1062 1340 quam
1091 1253 1261 1339 Byzantini
1289 1271 1397 1338 gram

169 1363 280 1431 matici
302 1362 480 1432 docuerunt
502 1361 653 1450 Dionysii
676 1361 815 1431 Thracis
838 1369 909 1430 arte
937 1362 1012 1448 ipsa
1041 1361 1094 1430 vcl
1125 1361 1175 1430 eis
1207 1360 1396 1448 erotematis

170 1471 392 1557 grammaticis
415 1490 499 1555 qnae
522 1491 562 1537 ex
584 1469 647 1537 hac
668 1476 740 1538 arte
764 1467 1019 1551 suntorinndai
1033 1469 1094 1555 nsi,
1113 1468 1227 1536 mirum
1240 1475 1396 1566 quantam

169 1578 368 1665 discrepavit
403 1597 473 1646 curn
506 1596 547 1645 ea
568 1577 691 1663 lingua
723 1577 863 1646 Graeca.
882 1584 1066 1662 quactum
1096 1576 1130 1644 in
1162 1577 1305 1644 omnium
1333 1584 1396 1644 nau

170 1685 286 1768 erat⁸):
313 1686 504 1754 studuerunt
526 1684 675 1770 magistri
697 1684 746 1753 illi
768 1684 942 1771 Byzantini
956 1686 1121 1771 antiquam
1134 1684 1394 1770 lingnamGrae·

169 1813 256 1875 cam,
294 1793 384 1862 onius
421 1794 556 1861 formam
591 1801 736 1890 veternm
773 1811 875 1880 opera
908 1798 1165 1880 repraesentant,
1202 1811 1396 1860 conservate

171 1921 306 1987 eamque
334 1901 369 1968 in
395 1921 455 1969 usn
484 1895 807 1986 eruditornm‘atquc
839 1899 1006 1968 doctorum
1038 1899 1289 1986 Bysantinornm
1321 1918 1395 1966 esse

170 2010 347 2077 voluerunt.

258 2243 511 2328 Antiquissimus
534 2241 633 2328 loona,
658 2263 720 2327 qno
743 2241 875 2310 vocales
898 2248 925 2302 A
940 2247 989 2302 ιτ
1012 2242 1166 2310 acetaria
1188 2239 1357 2309 vocalibus
1376 2261 1396 2307 s

169 2370 320 2418 mensura
343 2351 509 2419 seiunctae
532 2357 616 2436 sunt,
640 2351 758 2435 legitur
780 2351 813 2416 in
836 2349 1021 2418 Aristotelis
1044 2353 1111 2436 περὶ
1133 2360 1290 2438 ποιητικῆς
1311 2347 1393 2415 libro

170 2461 516 2545 (p.1458a8sqq.)‚
545 2457 601 2524 ubi
629 2456 804 2524 secundum
833 2456 1007 2524 editionem
1039 2456 1168 2523 tertiam
1200 2455 1242 2522 ab
1273 2457 1395 2522 Ioanne

171 2564 297 2633 Vahlen
319 2565 455 2652 ‘Lipsiae
483 2585 513 2632 a.
540 2566 625 2634 1885
651 2553 819 2633 curatam.
841 2564 883 2632 da
915 2564 1189 2633 substantivorum
1222 2563 1394 2649 generibus

169 2672 251 2739 haec
274 2672 486 2740 disseruntur:
753 2720 758 2729 .
1500 2728 1505 2735 .

258 2778 353 2846 corda
377 2780 408 2845 δὲ
430 2793 489 2848 τῶν
512 2779 666 2869 ὀνομάτων
689 2784 728 2846 τὰ
751 2786 804 2869 μὲν
826 2779 952 2867 ἄρρενα,
976 2784 1014 2847 τὰ
1037 2783 1068 2846 δὲ
1089 2782 1202 2869 θήλεα,
1226 2782 1264 2844 τὰ
1288 2780 1320 2844 ἃ
1341 2802 1396 2867 ρει

170 2886 250 2960 rcio.
297 2886 409 2973 dippeus
433 2892 485 2976 μὲν
509 2886 566 2953 ὅσα
587 2892 712 2975 τελευτᾷ
734 2886 776 2962 εἰς
796 2891 832 2954 τὸ
857 2894 878 2947 N
904 2892 957 2954 ital
981 2892 1002 2946 P
1024 2892 1077 2955 aod
1104 2887 1167 2971 list)
1193 2890 1246 2954 καὶ
1272 2884 1332 2952 ὅσα
1359 2886 1395 2951 ἐν
1512 2969 1514 2972 ¹

169 2997 271 3061 rodaco
294 2994 327 3075 (i.
351 3014 378 3061 e.
402 3005 453 3061 τοῦ
479 3000 509 3073 Σ)
533 3000 696 3080 obruantur·
728 2994 1057 3073 tetrastemoria,
1088 3000 1117 3055 Ψ
1140 3000 1193 3061 ιτα)
1215 2998 1247 3058 Ξ.
1293 2996 1396 3083 dilen

170 3103 202 3167 δὲ
224 3100 283 3167 ὅσα
305 3102 366 3181 (so.
388 3104 524 3189 τελευτᾷ)
547 3103 583 3168 ἐν
605 3115 664 3170 των
688 3108 858 3191 φωνηέντων
881 3102 926 3177 εἴς
951 3124 986 3169 τε
1013 3106 1056 3169 τὰ
1084 3102 1142 3169 ἀεὶ
1170 3106 1305 3191 φανερά,
1332 3099 1395 3169 οἷον

171 3206 214 3283 εἰς
236 3213 260 3267 Η
283 3211 337 3275 ναὶ
359 3214 395 3287 ll,
419 3214 472 3275 καὶ
494 3218 561 3277 τῶν
585 3209 890 3299 ἐπεκτεινομενων
918 3207 962 3283 εὶς
985 3214 1021 3275 Α.
1067 3208 1218 3276 decaicus
1241 3208 1397 3297 συμβαίνει

170 3319 277 3405 πλήθη
301 3320 359 3399 (sc.
384 3328 440 3382 των
464 3322 643 3405 στοιχείων),
671 3314 713 3391 εἰς
739 3316 797 3383 ὅσα
825 3315 886 3403 (sc.
909 3318 1048 3404 τελευτᾷ)
1074 3320 1114 3383 τὰ
1140 3316 1252 3403 ἄρρενα
1278 3322 1331 3383 καὶ
1358 3321 1395 3382 τὰ

170 3426 285 3513 θήλεα·
309 3426 423 3509 τὸγὰρ
448 3428 476 3483 Ψ
498 3428 608 3491 καὶτὸ
632 3428 652 3483 Ξ
680 3422 771 3491 aaut
800 3424 879 3492 ἐστιν
907 3432 963 3505 (ιιι.
984 3436 1027 3511 τῷ
1051 3426 1094 3506 Σ).
1140 3422 1185 3498 εὶς
1216 3425 1247 3490 δὲ
1277 3422 1394 3514 ἄφωνον

170 3530 251 3598 οὐδὲν
274 3530 370 3615 ὄνομα
393 3534 529 3617 τελευτᾷ,
553 3528 620 3597 οὐδὲ
643 3530 695 3605 εἰς
716 3544 852 3620 φωνῆεν
875 3534 988 3620 βραχὸ
1012 3531 1045 3615 (1.
1063 3550 1090 3598 e.
1109 3536 1132 3590 E
1153 3536 1206 3598 να)
1228 3532 1278 3616 0)·
1302 3529 1344 3607 εἰς
1363 3534 1395 3597 a

170 3643 203 3705 τὸ
229 3644 238 3697 l
263 3644 330 3724 optet
353 3645 450 3727 μόνον,
475 3642 540 3726 ρὲλι
561 3644 654 3727 ιὸρρι
677 3646 793 3726 πέπερι·
817 3636 859 3713 εἰς
882 3641 914 3705 δὲ
936 3644 969 3705 τὸ
991 3644 1014 3698 T
1036 3637 1161 3721 πέντε.)
1188 3642 1227 3705 τὰ
1240 3642 1271 3705 δὲ
1285 3638 1394 3727 μεταξὺ

169 3744 584 3820 ssmmeml

259 3853 361 3922 Vides
383 3852 445 3921 hoo
467 3854 538 3921 loco
563 3854 772 3924 sollemnibus
794 3854 964 3923 vocabulis
978 3852 1102 3923 additis
1117 3854 1245 3941 seiungi
1262 3854 1394 3923 vocales

171 3966 229 4021 Htt
252 3960 285 4045 (i.
311 3982 339 4029 a.
364 3965 401 4028 τὰ
423 3962 470 4028 ἀεὶ
492 3966 597 4049 μακρὰ
620 3962 784 4053 φωνήεντα)
807 3982 829 4029 a
851 3962 1020 4030 vocalibus
1042 3968 1109 4048 ΕΟ,
1133 3982 1219 4049 qnae
1240 3969 1394 4053 φωνήεντα

262 4176 282 4245 ¹)
314 4178 354 4233 el.
374 4177 452 4233 Blass
471 4176 489 4233 l.
510 4175 527 4233 l.
546 4196 575 4249 p.
593 4176 637 4244 86,
656 4176 760 4234 Zacher
778 4177 796 4232 l.
815 4178 834 4233 l.
853 4196 880 4248 p.
899 4177 944 4232 81.

259 4266 281 4335 1)
313 4267 353 4323 ef.
383 4266 545 4323 Erotsmata
572 4268 755 4337 grammatica
773 4284 807 4323 ex
826 4270 888 4324 arte
906 4267 1078 4338 Dionysiana
1104 4266 1240 4323 oriunda.
1256 4308 1263 4322 .
1279 4308 1286 4323 .
1304 4268 1394 4324 edidit

170 4356 268 4412 Petrus
277 4356 408 4430 Egcnolff
418 4356 581 4426 (Manhennii
597 4356 677 4425 1880)
691 4360 719 4413 et
732 4356 908 4429 (instUhlig
920 4358 951 4413 in
964 4356 1085 4414 editions
1094 4356 1221 4428 Dionysii
1230 4358 1300 4412 artis
1311 4356 1392 4428 p.v1.

261 4444 285 4514 ι)
317 4446 357 4502 cf.
380 4446 508 4503 Carolum
541 4446 701 4512 Heumann,
731 4446 909 4503 Grieohisclna
935 4446 1231 4503 (ieschichtsclnreiber.
1251 4447 1309 4502 nnd
1341 4447 1392 4503 (la-

169 4536 400 4605 schichtsquellen
419 4536 457 4591 im
477 4536 605 4591 wolsten
623 4534 813 4591 Jabrhnndert
831 4534 916 4606 (Lipa
935 4534 1020 4605 1888)
1037 4554 1064 4606 p.
1082 4536 1127 4593 41.
1236 4582 1239 4589 .

260 4625 282 4694 Ι)
312 4624 357 4677 ιιι)
376 4621 396 4675 Σ
414 4626 476 4681 add.
495 4626 554 4681 aad.
569 4625 767 4681 Riccardianns
790 4624 829 4679 16.

262 4712 287 4783 ⁶)
319 4714 347 4765 τὸ
365 4720 419 4765 πῶυ
437 4714 464 4767 τὸ
483 4721 545 4765 νᾶπυ
564 4714 591 4766 τὸ
608 4712 668 4785 γόνυ
686 4713 713 4765 τὸ
732 4710 790 4784 δόρυ
807 4712 835 4765 τὸ
853 4709 915 4765 ἄστυ
931 4713 995 4768 add.
1013 4714 1073 4771 cod.
1091 4713 1291 4769 Riceasdianua
1309 4715 1352 4771 16.
