3459 5200
124 829 187 876 rum
208 809 433 876 derivatorum
457 809 645 878 doctrinam
669 813 827 878 referunt.
879 810 947 878 Sed
975 832 1044 876 non
1072 809 1171 894 longe
1199 815 1278 895 post

122 915 361 993 Terentianum,
387 915 480 979 cuius
504 915 625 980 libmm
642 915 684 978 de
699 915 816 979 metris
832 934 923 980 anno
939 914 1009 980 fere
1027 917 1086 980 175
1101 937 1133 998 p.
1150 917 1227 981 Chr.
1244 936 1277 980 n.

122 1017 338 1099 conscriptum
373 1035 448 1080 esse
476 1017 666 1081 Schultzius
701 1015 827 1096 (Herm.
858 1017 878 1079 l.
903 1036 930 1081 c.
953 1038 984 1099 p.
1008 1017 1085 1099 ala)
1112 1037 1181 1082 non
1205 1018 1278 1083 sine

120 1119 347 1201 probabilitate
372 1119 525 1198 coniecit,
548 1120 628 1184 luha
649 1118 824 1184 Heliodori
853 1123 959 1184 artem
988 1139 1144 1185 sermone
1171 1121 1276 1185 latino

119 1222 266 1300 reddidit,
288 1223 344 1287 alii
368 1224 451 1289 alias
476 1223 626 1288 eiusdem
649 1223 822 1287 doctrinae
851 1227 940 1288 artes
969 1224 1071 1289 latine
1093 1229 1274 1289 verterunt.

117 1327 319 1392 Posteriores
343 1326 441 1408 igitur
463 1327 593 1392 metrici
615 1326 711 1391 latini
737 1327 860 1408 partim
889 1330 1064 1409 utramque
1087 1327 1276 1392 doctrinam

118 1429 332 1494 confuderunt
366 1430 516 1512 quamvis
551 1429 692 1494 diversis
726 1430 778 1493 usi
812 1429 1000 1494 rationibus
1033 1431 1124 1494 velut
1154 1430 1276 1495 Atilius

120 1539 150 1598 et
180 1533 358 1598 Diomedes
391 1533 443 1597 vel
478 1551 593 1597 eorum
633 1537 787 1597 auctores
822 1537 855 1597 et
887 1534 1117 1615 Aphthonius,
1154 1535 1277 1616 partim

116 1637 200 1700 velut
221 1636 350 1700 Plotius
373 1636 550 1714 Sacerdos,
571 1635 701 1700 Mallius
724 1635 935 1712 Theodorus,
958 1636 1094 1701 Servius
1117 1635 1166 1717 (in
1188 1637 1275 1702 libro

116 1739 321 1820 centimetro)
349 1742 438 1803 totos
462 1743 645 1804 metrorum
672 1737 888 1821 physicorum
914 1738 1089 1804 doctrinae
1115 1759 1191 1804 sese
1219 1739 1276 1804 de·

114 1843 239 1906 derunt.
1020 1905 1023 1913 ,

193 1945 292 2010 lubae
315 1946 443 2010 fontem
464 1947 660 2028 primarium
688 1945 793 2011 tuisse
822 1944 995 2010 Heliodori
1017 1946 1122 2011 libros
1145 1948 1275 2028 praeci·

110 2067 174 2132 pue
195 2052 332 2130 propter
359 2048 521 2113 Victorini
549 2051 652 2114 verba
678 2069 710 2130 p.
733 2049 785 2127 94,
807 2049 828 2112 6
851 2069 901 2131 sq.
930 2049 1037 2128 „luba
1062 2054 1208 2114 noster.
1234 2101 1241 2115 .
1268 2099 1274 2114 .

111 2151 270 2216 insistens
286 2151 459 2216 Heliodori
482 2152 651 2234 vestigiis“
671 2171 789 2216 omnes
812 2151 1037 2230 consentiunt,
1054 2152 1115 2217 sed
1128 2154 1274 2218 Hensius

110 2254 201 2319 illius·
220 2254 325 2320 libros
348 2255 447 2320 lubae
470 2256 505 2319 in
528 2260 711 2320 metrorum
728 2255 943 2338 physicorum
959 2255 1114 2320 doctrina
1134 2292 1177 2302 -
1198 2276 1275 2338 per-

108 2379 224 2440 peram
253 2359 385 2424 enima
414 2359 494 2424 Iuba
520 2359 660 2425 alteram
688 2379 819 2442 quoque
849 2359 1036 2423 doctrinam
1071 2359 1274 2442 descriptam

108 2461 212 2526 fuisse
235 2462 366 2527 censuit
388 2482 512 2544 -pro
534 2464 634 2527 unico
658 2462 751 2527 fonte
774 2462 879 2527 luisse
902 2461 1074 2527 contendit
1101 2466 1211 2544 atque,
1238 2468 1276 2528 ut

106 2566 175 2631 alia
197 2566 360 2645 omittam,
388 2566 649 2649 Hephaestionis
678 2567 783 2631 libros
812 2587 832 2631 a
859 2566 940 2631 luba
969 2566 1141 2631 consultos
1171 2567 1274 2632 fuisse

107 2670 296 2752 praefracte
330 2671 462 2752 negavit
496 2671 551 2753 (de
583 2671 663 2735 Iuba
694 2691 727 2753 p.
756 2671 797 2733 48
821 2672 917 2752 squ).
968 2668 1065 2747 Quod
1094 2690 1212 2734 vereor
1238 2675 1275 2735 ut

103 2774 178 2838 iure
194 2773 320 2841 fecerit.
357 2775 538 2855 Longinus
562 2795 638 2839 cum
652 2774 914 2856 Hephaestionis
930 2772 1153 2837 enchiridium
1170 2774 1274 2837 inter-

100 2882 309 2959 pretaretur,
343 2897 412 2942 non
444 2878 553 2961 potuit
586 2898 656 2941 non
690 2876 822 2959 saepius
855 2880 1036 2959 praecepta
1068 2875 1270 2941 Heliodorea

100 2980 246 3045 addere:
268 2980 323 3045 vix
346 2981 437 3045 credi
458 2986 572 3064 potest
599 2982 729 3059 Iubam,
760 2981 816 3063 qui
843 2980 960 3062 procul
988 2980 1090 3043 dubio
1119 2980 1273 3062 Hephae-

99 3082 216 3151 stione
250 3084 418 3149 recentior
451 3084 521 3163 fuit,
555 3085 688 3149 etiamsi
721 3084 756 3149 in
792 3084 988 3149 universum
1021 3083 1064 3148 ad
1097 3084 1273 3148 Heliodori

98 3186 294 3251 doctrinam
318 3208 393 3254 sese
416 3189 614 3271 applicaret,
644 3208 712 3252 non
741 3186 911 3253 interdum
933 3186 1153 3252 admiscuisse
1175 3207 1272 3269 prae-

97 3294 203 3373 cepta
225 3290 512 3373 Hephaestionea‚
542 3312 634 3368 cum,
662 3291 752 3374 quod
779 3291 914 3374 quidem
938 3310 1142 3372 cognoscere
1164 3291 1273 3368 liceat,

97 3414 176 3459 non
200 3394 230 3459 is
254 3400 355 3473 esset,
379 3396 434 3479 qui
462 3414 565 3460 unum
596 3394 794 3477 scriptorem
822 3395 865 3459 ad
893 3394 1032 3459 verbum
1059 3394 1273 3472 exscriberet,

94 3498 162 3563 sed
200 3498 257 3580 qui
292 3503 324 3562 et
358 3498 493 3580 optimis
529 3518 612 3580 quos
647 3498 855 3563 existimaret
887 3498 1037 3562 fontibus
1071 3502 1105 3561 et
1135 3497 1272 3579 proprio

92 3602 230 3665 iudicio
253 3622 333 3667 usus
356 3602 548 3669 universam
576 3621 647 3667 rem
676 3602 850 3667 metricam
877 3601 1029 3684 pluribus
1057 3601 1151 3665 libris
1159 3600 1183 3683 ¹)
1216 3622 1274 3665 ex·

88 3710 256 3788 poneret
301 3705 414 3788 Neque
438 3705 552 3770 debuit
574 3703 729 3783 Hensius,
754 3704 860 3769 sicubi
881 3704 1069 3787 Aphthonii
1094 3709 1274 3786 praecepta

88 3810 154 3874 ad·
172 3810 315 3875 verbum
344 3829 385 3875 ex
414 3809 550 3873 scholiis
578 3809 860 3891 Hephaestioneis
894 3808 1059 3873 translata
1092 3828 1167 3871 esse
1200 3808 1273 3871 ani·

86 3912 324 3995 madvertiu),
347 3913 390 3977 ob
415 3930 488 3976 eam
510 3911 644 3976 unicam
668 3930 802 3975 causam
827 3931 958 3975 sumere
984 3910 1051 3974 illis
1075 3911 1111 3973 in
1134 3910 1272 3974 scholiis

86 4018 217 4083 inesse
241 4016 414 4081 Heliodori
432 4017 542 4079 verba.
582 4014 665 4080 Nam
684 4014 829 4096 primum
850 4034 871 4078 a
892 4012 1083 4078 scholiastis
1099 4013 1272 4078 consultos

85 4140 177 4184 esse
202 4119 310 4201 ipsius
333 4117 594 4200 Hephaestionis
628 4117 732 4182 libros
767 4117 948 4199 ampliores
975 4137 1035 4199 per
1064 4136 1101 4180 se
1130 4135 1272 4179 consen·

81 4227 241 4288 taneum
275 4226 336 4287 est.
391 4222 570 4287 Praeterea
604 4240 678 4285 cum
711 4220 918 4285 Philoxenus
954 4219 1271 4302 proceleumaticum

81 4326 189 4391 inter
213 4324 415 4407 principalia
437 4329 544 4389 metra
566 4324 744 4406 recepisse,
768 4323 979 4401 Heliodorus,
1001 4322 1165 4405 paeonico
1184 4322 1272 4386 inter

191 4570 210 4638 ¹)
231 4568 373 4623 Excitatur
390 4567 461 4621 liber
480 4572 593 4631 octavus
612 4566 686 4634 apud
704 4564 836 4619 Priscian.
855 4564 900 4619 GL
919 4564 957 4618 111
975 4580 1001 4633 p.
1019 4564 1078 4627 lac,
1097 4563 1138 4617 al.

185 4656 210 4725 ²)
231 4654 325 4709 Hense
344 4656 378 4709 de
396 4654 463 4709 Iuba
482 4672 506 4723 p.
526 4654 567 4707 47.
587 4654 629 4707 52.
648 4653 681 4706 57
701 4669 742 4723 sq.
763 4653 819 4707 115.
