3459 5200
257 1710 383 1827 Dualis
416 1780 567 1827 numems
599 1760 633 1824 in
666 1761 714 1827 eis
749 1780 833 1844 quae
865 1780 951 1827 nunc
983 1762 1016 1826 in
1044 1762 1207 1828 bominum
1233 1782 1295 1829 usu
1325 1771 1400 1830 sunt

167 1867 288 1952 linguis
316 1866 496 1952 Europaeis
525 1867 686 1951 omnibus,
716 1867 743 1933 si
773 1867 923 1933 Slavicas
951 1868 1110 1951 quasdam
1135 1870 1305 1954 exceperis
1329 1869 1398 1935 dia·

167 1975 283 2059 lectos,
313 1973 541 2040 intermortuus
571 1980 629 2040 est
679 1974 845 2041 Prioribus
873 1982 982 2040 autem
1010 1975 1173 2041 aetatibus
1201 1975 1299 2058 longe
1322 1995 1397 2043 enm

167 2081 298 2165 lateque
328 2080 474 2164 viguisse
503 2100 575 2145 cum
603 2100 643 2145 ex
672 2080 747 2147 aliis
775 2088 842 2145 tum
871 2080 1041 2148 eGraecu
1064 2081 1177 2166 lingua
1200 2090 1399 2168 compertum

167 2188 333 2254 habemus.
371 2185 434 2264 uui
457 2206 608 2253 numems
632 2206 703 2253 cum
723 2194 872 2253 anostra
887 2186 1049 2253 sentiendi
1064 2187 1257 2272 dicendique
1272 2189 1398 2256 ratione

166 2293 281 2379 procul
309 2292 405 2377 absit,
432 2293 521 2359 viros
549 2293 663 2361 doctos
692 2294 859 2379 excitavit,
894 2301 941 2379 ut,
974 2295 1047 2378 quis
1074 2293 1171 2361 fuerit
1198 2294 1268 2361 eins
1299 2302 1398 2380 ortus,

167 2399 239 2485 quis
263 2420 350 2485 usus,
374 2406 575 2483 quaererent

257 2506 305 2573 Ac
327 2506 450 2592 primus
474 2506 604 2590 quidem
629 2506 685 2590 qui
707 2514 816 2573 nostro
841 2507 973 2574 saeculo
998 2506 1039 2573 dc
1064 2506 1154 2573 duali
1177 2528 1308 2575 numero
1334 2509 1399 2576 dis-

165 2615 294 2700 putavit
308 2613 526 2681 Guilelmus
548 2614 593 2682 de
612 2613 824 2680 Humboldt
847 2614 894 2696 (in
910 2614 1192 2698 »abhandlungen
1208 2615 1266 2682 der
1279 2616 1398 2684 Berlin.

166 2719 273 2786 Akad.
300 2723 383 2790 1827
413 2742 444 2806 p.
471 2722 645 2788 161-187
675 2721 794 2805 ‚Ueber
820 2719 884 2788 den
906 2720 1086 2808 Dualis‘‹),
1115 2741 1199 2806 quac
1223 2722 1267 2788 sit
1290 2721 1399 2790 dualis

165 2827 216 2893 vis
240 2827 393 2910 notioque
417 2827 597 2911 quibusque
621 2828 654 2892 in
677 2826 796 2910 linguis
819 2827 959 2910 vestigia
975 2827 1044 2894 eius
1059 2828 1213 2913 existant,
1238 2829 1396 2914 exposuit
1517 2859 1522 2878 ,

165 2933 204 3000 In
234 2933 299 3000 line
331 2939 440 3000 autem
476 2931 755 3000 commentationis
792 2952 864 2998 cum
902 2934 1050 3019 exemplo
1084 2933 1191 3000 dualis
1223 2935 1397 3020 Homerici,

166 3046 290 3126 quanta
314 3039 357 3106 sit
379 3039 474 3106 buius
497 3039 622 3106 numeri
646 3039 690 3104 ad
713 3038 898 3123 augendam
914 3039 1205 3124 illustrandamque
1219 3041 1398 3110 orationem

165 3147 215 3213 vis
240 3145 504 3232 demonstrasset
527 3146 600 3232 ipse
623 3165 660 3212 se
683 3165 768 3229 quae
782 3145 853 3212 eius
868 3146 938 3211 fata
951 3146 986 3212 in
1000 3146 1128 3213 Graeca
1141 3147 1254 3231 lingua
1268 3147 1398 3232 fuerint,

165 3251 331 3340 posterius
370 3253 603 3338 explicaturum
642 3271 714 3320 esse
746 3253 976 3338 pronuntiavit.
1031 3253 1196 3320 Promisso
1228 3255 1398 3338 quominus

166 3366 272 3427 staret
296 3379 368 3425 cum
392 3367 425 3426 et
447 3359 522 3426 aliis
547 3359 662 3427 studiis
687 3367 719 3426 et
742 3366 844 3424 morte
868 3358 1095 3445 impediretur,
1124 3360 1182 3425 alii
1205 3381 1303 3445 qnam
1326 3361 1398 3446 ipse

165 3467 352 3534 instituerat
383 3467 605 3550 quaestionem
633 3465 736 3532 fusius
764 3472 993 3533 nacmremut
1049 3467 1098 3532 Ac
1129 3466 1231 3552 primo
1266 3465 1397 3551 quidem

164 3573 263 3660 pauci
287 3593 359 3640 eum
387 3575 488 3641 secuti
518 3581 605 3658 sunt,
632 3580 668 3639 ut
695 3571 733 3638 G.
755 3572 956 3666 Blacbert,
985 3572 1039 3657 qui
1066 3573 1256 3658 praeclaras
1284 3573 1336 3659 ,dc
1364 3573 1397 3640 vi

165 3700 291 3764 usuque
329 3679 435 3746 dualis
472 3680 595 3746 numeri
632 3679 720 3765 apud
752 3679 907 3746 Graecos‘
945 3680 1232 3747 commentationes
1265 3680 1397 3767 scripsit

165 3787 294 3869 (Caesel
320 3789 415 3856 1837.
448 3787 602 3870 Marbnrg
627 3787 725 3868 1838)
755 3793 787 3852 ct
814 3785 982 3872 Zander,
1012 3785 1066 3870 qui
1095 3785 1147 3872 ,de
1170 3787 1320 3871 vocabuli
1344 3789 1397 3853 δὺο

165 3913 226 3960 usu
254 3893 425 3959 Homerico
453 3892 683 3977 Hesiodeoqne
713 3900 746 3961 et
768 3893 886 3959 Attieo‘
920 3891 1144 3980 (Konigsberg
1169 3895 1265 3961 1834.
1297 3894 1395 3974 1845)

164 4006 316 4067 accurate
350 3999 514 4067 disseruit.
568 3999 681 4084 Longo
714 3999 844 4066 demum
879 4000 1065 4066 intermisso
1103 3998 1241 4085 spatio¹)
1277 4019 1397 4066 novam

164 4105 270 4172 lucem
294 4105 369 4172 huic
392 4107 575 4190 quaestioni
599 4107 709 4172 attulit
730 4107 768 4172 A.
781 4106 922 4172 Biebcr
946 4106 1217 4173 commentatione
1236 4105 1289 4191 ‚de
1305 4104 1396 4172 duali

163 4232 296 4279 numero
311 4210 400 4298 apud
415 4213 536 4299 epicos,
557 4213 687 4298 lyricos,
704 4213 841 4280 Atticos‘
857 4213 974 4297 (lenae
991 4215 1090 4294 1864)
1108 4212 1206 4279 edita
1233 4213 1396 4279 Proximis

163 4318 232 4386 fere
254 4319 305 4387 his
327 4319 444 4404 viginti
469 4320 563 4387 annis
587 4319 694 4387 dualis
718 4341 810 4387 usum
832 4319 990 4406 imprimis
1010 4317 1099 4405 apud
1113 4319 1239 4386 Atticos
1254 4319 1395 4386 illustra·

257 4513 277 4582 ¹)
302 4515 346 4570 Fr.
367 4515 484 4571 Mueller
502 4515 662 4586 (Sitagsber.
682 4516 707 4570 d.
726 4515 840 4572 Wiener
859 4515 951 4570 suad.
971 4515 1042 4571 1860
1064 4515 1119 4570 rol.
1137 4515 1173 4571 85
1191 4534 1218 4585 p.
1237 4515 1343 4571 51-67
1367 4518 1396 4571 et

165 4605 236 4660 1870
254 4605 308 4660 vol.
325 4605 360 4660 tc
378 4623 405 4674 p.
422 4605 575 4672 449-460)
595 4605 628 4660 de
647 4604 755 4675 origine
774 4605 924 4660 formarum
944 4603 1068 4659 dualium
1087 4603 1225 4673 imprimis
1243 4603 1274 4660 in
1291 4604 1396 4674 linguis

162 4695 295 4749 semitiois
313 4693 450 4750 disseruit
1053 4697 1056 4702 ’

1215 4784 1230 4836 1
