<?xml version="1.0" encoding="UTF-8"?>
<!DOCTYPE html PUBLIC "-//W3C//DTD XHTML 1.0 Transitional//EN"
    "http://www.w3.org/TR/xhtml1/DTD/xhtml1-transitional.dtd">
<html xmlns="http://www.w3.org/1999/xhtml" xml:lang="en" lang="en">
 <head>
  <title>
</title>
<meta http-equiv="Content-Type" content="text/html;charset=utf-8" />
  <meta name='ocr-system' content='tesseract 3.04.00' />
  <meta name='ocr-capabilities' content='ocr_page ocr_carea ocr_par ocr_line ocrx_word'/>
</head>
<body>
  <div class='ocr_page' id='page_1' title='image "./detacitosenecae00zimmgoog_0358.png"; bbox 0 0 3459 5200; ppageno 0'>
   <div class='ocr_carea' id='block_1_1' title="bbox 663 529 701 600">
    <p class='ocr_par' dir='ltr' id='par_1_1' title="bbox 663 529 701 600">
     <span class='ocr_line' id='line_1_1' title="bbox 663 529 701 600; baseline 0.053 -2"><span class='ocrx_word' id='word_1_1' title='bbox 663 529 701 600; x_wconf 87' lang='grc'>61</span> 
     </span>
    </p>
   </div>
   <div class='ocr_carea' id='block_1_2' title="bbox 75 729 1271 3839">
    <p class='ocr_par' dir='ltr' id='par_1_2' title="bbox 75 729 1271 3839">
     <span class='ocr_line' id='line_1_2' title="bbox 104 729 1269 835; baseline -0.016 -19"><span class='ocrx_word' id='word_1_2' title='bbox 104 747 209 835; x_wconf 79' lang='grc' dir='ltr'>πρῶτα</span> <span class='ocrx_word' id='word_1_3' title='bbox 239 743 306 814; x_wconf 84' lang='grc' dir='ltr'>ιιτλ.</span> <span class='ocrx_word' id='word_1_4' title='bbox 353 743 480 814; x_wconf 79' lang='lat' dir='ltr'>Eodem</span> <span class='ocrx_word' id='word_1_5' title='bbox 512 745 659 829; x_wconf 77' lang='lat' dir='ltr'>pertinet</span> <span class='ocrx_word' id='word_1_6' title='bbox 687 742 788 809; x_wconf 89' lang='lat' dir='ltr'>etiam</span> <span class='ocrx_word' id='word_1_7' title='bbox 818 739 923 807; x_wconf 90' lang='lat' dir='ltr'>schol.</span> <span class='ocrx_word' id='word_1_8' title='bbox 951 735 1028 803; x_wconf 90' lang='lat' dir='ltr'>Pac.</span> <span class='ocrx_word' id='word_1_9' title='bbox 1060 730 1152 813; x_wconf 88' lang='grc'>1333,</span> <span class='ocrx_word' id='word_1_10' title='bbox 1179 729 1269 818; x_wconf 88' lang='lat' dir='ltr'>quod</span> 
     </span>
     <span class='ocr_line' id='line_1_3' title="bbox 107 839 1270 938; baseline -0.018 -16"><span class='ocrx_word' id='word_1_11' title='bbox 107 875 283 938; x_wconf 79' lang='lat' dir='ltr'>perperam</span> <span class='ocrx_word' id='word_1_12' title='bbox 312 853 440 935; x_wconf 84' lang='lat' dir='ltr'>absque</span> <span class='ocrx_word' id='word_1_13' title='bbox 470 850 563 916; x_wconf 89' lang='lat' dir='ltr'>omni</span> <span class='ocrx_word' id='word_1_14' title='bbox 588 848 825 932; x_wconf 79' lang='lat' dir='ltr'>probabilitate</span> <span class='ocrx_word' id='word_1_15' title='bbox 852 841 1025 911; x_wconf 88' lang='lat' dir='ltr'>Heliodori</span> <span class='ocrx_word' id='word_1_16' title='bbox 1055 839 1270 904; x_wconf 90' lang='lat' dir='ltr'>colometriae</span> 
     </span>
     <span class='ocr_line' id='line_1_4' title="bbox 106 939 1270 1040; baseline -0.003 -17"><span class='ocrx_word' id='word_1_17' title='bbox 106 960 252 1026; x_wconf 92' lang='lat' dir='ltr'>Hensius</span> <span class='ocrx_word' id='word_1_18' title='bbox 275 958 309 1040; x_wconf 90' lang='lat' dir='ltr'>(l.</span> <span class='ocrx_word' id='word_1_19' title='bbox 333 977 360 1022; x_wconf 90' lang='lat' dir='ltr'>c.</span> <span class='ocrx_word' id='word_1_20' title='bbox 382 977 414 1038; x_wconf 93' lang='lat' dir='ltr'>p.</span> <span class='ocrx_word' id='word_1_21' title='bbox 437 953 696 1038; x_wconf 63' lang='lat' dir='ltr'>enunciavit</span> <span class='ocrx_word' id='word_1_22' title='bbox 722 953 754 1018; x_wconf 82' lang='grc' dir='ltr'>ἐν</span> <span class='ocrx_word' id='word_1_23' title='bbox 780 948 899 1028; x_wconf 77' lang='grc' dir='ltr'>τούτοις</span> <span class='ocrx_word' id='word_1_24' title='bbox 919 947 1063 1033; x_wconf 68' lang='grc' dir='ltr'>φέρονται</span> <span class='ocrx_word' id='word_1_25' title='bbox 1084 939 1167 1007; x_wconf 69' lang='grc' dir='ltr'>κατά</span> <span class='ocrx_word' id='word_1_26' title='bbox 1188 963 1270 1019; x_wconf 64' lang='grc' dir='ltr'>τινας</span> 
     </span>
     <span class='ocr_line' id='line_1_5' title="bbox 102 1045 1270 1148; baseline -0.012 -22"><span class='ocrx_word' id='word_1_27' title='bbox 102 1062 338 1148; x_wconf 64' lang='grc' dir='ltr'>παραγραφαὶῑ)</span> <span class='ocrx_word' id='word_1_28' title='bbox 361 1057 444 1124; x_wconf 81' lang='grc' dir='ltr'>ἵναό</span> <span class='ocrx_word' id='word_1_29' title='bbox 466 1055 562 1144; x_wconf 86' lang='grc' dir='ltr'>χορὸς</span> <span class='ocrx_word' id='word_1_30' title='bbox 584 1054 644 1123; x_wconf 81' lang='grc' dir='ltr'>οἰνοὶ</span> <span class='ocrx_word' id='word_1_31' title='bbox 667 1055 760 1142; x_wconf 77' lang='grc' dir='ltr'>μέρος</span> <span class='ocrx_word' id='word_1_32' title='bbox 782 1052 863 1119; x_wconf 81' lang='grc' dir='ltr'>αι’ντοὶ</span> <span class='ocrx_word' id='word_1_33' title='bbox 884 1052 973 1138; x_wconf 74' lang='grc' dir='ltr'>λέγῃ.</span> <span class='ocrx_word' id='word_1_34' title='bbox 1016 1048 1060 1114; x_wconf 83' lang='lat' dir='ltr'>Ut</span> <span class='ocrx_word' id='word_1_35' title='bbox 1083 1047 1149 1112; x_wconf 83' lang='lat' dir='ltr'>alia</span> <span class='ocrx_word' id='word_1_36' title='bbox 1171 1045 1270 1112; x_wconf 88' lang='lat' dir='ltr'>ornit-</span> 
     </span>
     <span class='ocr_line' id='line_1_6' title="bbox 102 1149 1271 1251; baseline -0.017 -19"><span class='ocrx_word' id='word_1_37' title='bbox 102 1173 180 1246; x_wconf 83' lang='lat' dir='ltr'>tam,</span> <span class='ocrx_word' id='word_1_38' title='bbox 219 1165 422 1230; x_wconf 84' lang='lat' dir='ltr'>Heliodorus</span> <span class='ocrx_word' id='word_1_39' title='bbox 453 1162 646 1244; x_wconf 81' lang='lat' dir='ltr'>scripsisset</span> <span class='ocrx_word' id='word_1_40' title='bbox 667 1159 880 1247; x_wconf 80' lang='grc' dir='ltr'>τιοιροὶγραφοι,</span> <span class='ocrx_word' id='word_1_41' title='bbox 902 1161 948 1226; x_wconf 82' lang='grc' dir='ltr'>ὅτι</span> <span class='ocrx_word' id='word_1_42' title='bbox 963 1155 980 1224; x_wconf 82' lang='grc' dir='ltr'><em>ὃ</em></span> <span class='ocrx_word' id='word_1_43' title='bbox 995 1150 1092 1251; x_wconf 74' lang='grc' dir='ltr'>χορὸς</span> <span class='ocrx_word' id='word_1_44' title='bbox 1107 1201 1115 1215; x_wconf 90' lang='grc'><strong>.</strong></span> <span class='ocrx_word' id='word_1_45' title='bbox 1132 1201 1163 1216; x_wconf 92' lang='grc'>..</span> <span class='ocrx_word' id='word_1_46' title='bbox 1185 1149 1271 1234; x_wconf 77' lang='grc' dir='ltr'>λέγει</span> 
     </span>
     <span class='ocr_line' id='line_1_7' title="bbox 100 1256 1270 1356; baseline -0.004 -24"><span class='ocrx_word' id='word_1_47' title='bbox 100 1271 151 1334; x_wconf 90' lang='lat' dir='ltr'>vel</span> <span class='ocrx_word' id='word_1_48' title='bbox 181 1267 398 1354; x_wconf 78' lang='grc' dir='ltr'>παράγραιροι·</span> <span class='ocrx_word' id='word_1_49' title='bbox 429 1260 488 1330; x_wconf 75' lang='grc' dir='ltr'>ἀντὶ</span> <span class='ocrx_word' id='word_1_50' title='bbox 518 1263 610 1349; x_wconf 75' lang='grc' dir='ltr'>μέρος</span> <span class='ocrx_word' id='word_1_51' title='bbox 635 1263 698 1349; x_wconf 80' lang='grc' dir='ltr'>γὰρ</span> <span class='ocrx_word' id='word_1_52' title='bbox 721 1256 801 1328; x_wconf 80' lang='grc' dir='ltr'>αὐτοὶ</span> <span class='ocrx_word' id='word_1_53' title='bbox 824 1261 840 1329; x_wconf 84' lang='grc' dir='ltr'><em>ὃ</em></span> <span class='ocrx_word' id='word_1_54' title='bbox 862 1266 959 1351; x_wconf 84' lang='grc' dir='ltr'>χορὸς</span> <span class='ocrx_word' id='word_1_55' title='bbox 980 1268 1065 1356; x_wconf 73' lang='grc' dir='ltr'>λέγει</span> <span class='ocrx_word' id='word_1_56' title='bbox 1086 1267 1138 1332; x_wconf 90' lang='lat' dir='ltr'>vel</span> <span class='ocrx_word' id='word_1_57' title='bbox 1161 1264 1270 1330; x_wconf 90' lang='lat' dir='ltr'>simile</span> 
     </span>
     <span class='ocr_line' id='line_1_8' title="bbox 102 1363 1270 1455; baseline -0.008 -17"><span class='ocrx_word' id='word_1_58' title='bbox 102 1373 192 1455; x_wconf 86' lang='lat' dir='ltr'>quid,</span> <span class='ocrx_word' id='word_1_59' title='bbox 228 1370 288 1436; x_wconf 88' lang='lat' dir='ltr'>sed</span> <span class='ocrx_word' id='word_1_60' title='bbox 321 1369 432 1434; x_wconf 86' lang='lat' dir='ltr'>verbis</span> <span class='ocrx_word' id='word_1_61' title='bbox 464 1367 514 1432; x_wconf 79' lang='lat' dir='ltr'>iva</span> <span class='ocrx_word' id='word_1_62' title='bbox 546 1363 564 1430; x_wconf 84' lang='grc' dir='ltr'>ὁ</span> <span class='ocrx_word' id='word_1_63' title='bbox 596 1365 692 1451; x_wconf 81' lang='grc' dir='ltr'>χορὸς</span> <span class='ocrx_word' id='word_1_64' title='bbox 724 1417 733 1432; x_wconf 92' lang='grc'><strong>.</strong></span> <span class='ocrx_word' id='word_1_65' title='bbox 761 1415 769 1432; x_wconf 92' lang='grc'><strong>.</strong></span> <span class='ocrx_word' id='word_1_66' title='bbox 797 1417 804 1433; x_wconf 94' lang='grc'><strong><em>.</em></strong></span> <span class='ocrx_word' id='word_1_67' title='bbox 837 1366 916 1454; x_wconf 77' lang='grc' dir='ltr'>λέγῃ</span> <span class='ocrx_word' id='word_1_68' title='bbox 956 1377 1071 1454; x_wconf 73' lang='lat' dir='ltr'>aperte</span> <span class='ocrx_word' id='word_1_69' title='bbox 1104 1372 1270 1438; x_wconf 81' lang='lat' dir='ltr'>indicatur</span> 
     </span>
     <span class='ocr_line' id='line_1_9' title="bbox 100 1471 1270 1558; baseline -0.003 -18"><span class='ocrx_word' id='word_1_70' title='bbox 100 1476 259 1541; x_wconf 81' lang='lat' dir='ltr'>scholion</span> <span class='ocrx_word' id='word_1_71' title='bbox 292 1473 456 1556; x_wconf 78' lang='lat' dir='ltr'>originem</span> <span class='ocrx_word' id='word_1_72' title='bbox 489 1471 625 1536; x_wconf 83' lang='lat' dir='ltr'>duxisse</span> <span class='ocrx_word' id='word_1_73' title='bbox 658 1490 700 1537; x_wconf 85' lang='lat' dir='ltr'>ex</span> <span class='ocrx_word' id='word_1_74' title='bbox 733 1473 917 1554; x_wconf 85' lang='lat' dir='ltr'>exemplari</span> <span class='ocrx_word' id='word_1_75' title='bbox 947 1477 1106 1558; x_wconf 82' lang='lat' dir='ltr'>quodam,</span> <span class='ocrx_word' id='word_1_76' title='bbox 1139 1475 1175 1538; x_wconf 91' lang='lat' dir='ltr'>in</span> <span class='ocrx_word' id='word_1_77' title='bbox 1203 1493 1270 1557; x_wconf 89' lang='lat' dir='ltr'>quo</span> 
     </span>
     <span class='ocr_line' id='line_1_10' title="bbox 100 1572 1269 1658; baseline -0.002 -14"><span class='ocrx_word' id='word_1_78' title='bbox 100 1580 184 1644; x_wconf 88' lang='lat' dir='ltr'>talia</span> <span class='ocrx_word' id='word_1_79' title='bbox 208 1577 243 1642; x_wconf 93' lang='lat' dir='ltr'>in</span> <span class='ocrx_word' id='word_1_80' title='bbox 259 1576 396 1642; x_wconf 87' lang='lat' dir='ltr'>modurn</span> <span class='ocrx_word' id='word_1_81' title='bbox 412 1572 652 1658; x_wconf 79' lang='grc' dir='ltr'>παρεπιγραιρῆς</span> <span class='ocrx_word' id='word_1_82' title='bbox 674 1574 843 1657; x_wconf 86' lang='lat' dir='ltr'>adscripta</span> <span class='ocrx_word' id='word_1_83' title='bbox 859 1584 970 1656; x_wconf 86' lang='lat' dir='ltr'>erant;</span> <span class='ocrx_word' id='word_1_84' title='bbox 994 1580 1035 1644; x_wconf 86' lang='lat' dir='ltr'>ci.</span> <span class='ocrx_word' id='word_1_85' title='bbox 1050 1580 1088 1646; x_wconf 90' lang='lat' dir='ltr'>U.</span> <span class='ocrx_word' id='word_1_86' title='bbox 1108 1580 1149 1645; x_wconf 92' lang='lat' dir='ltr'>de</span> <span class='ocrx_word' id='word_1_87' title='bbox 1169 1578 1269 1643; x_wconf 91' lang='lat' dir='ltr'>Wila-</span> 
     </span>
     <span class='ocr_line' id='line_1_11' title="bbox 99 1678 1270 1763; baseline -0.003 -16"><span class='ocrx_word' id='word_1_88' title='bbox 99 1681 237 1747; x_wconf 86' lang='lat' dir='ltr'>mowitz</span> <span class='ocrx_word' id='word_1_89' title='bbox 259 1681 280 1745; x_wconf 93' lang='lat' dir='ltr'>l.</span> <span class='ocrx_word' id='word_1_90' title='bbox 305 1698 332 1746; x_wconf 89' lang='lat' dir='ltr'>c.</span> <span class='ocrx_word' id='word_1_91' title='bbox 355 1701 387 1762; x_wconf 92' lang='lat' dir='ltr'>p.</span> <span class='ocrx_word' id='word_1_92' title='bbox 414 1679 474 1743; x_wconf 75' lang='grc'>133</span> <span class='ocrx_word' id='word_1_93' title='bbox 497 1699 546 1760; x_wconf 87' lang='lat' dir='ltr'>sq.</span> <span class='ocrx_word' id='word_1_94' title='bbox 591 1679 693 1743; x_wconf 87' lang='lat' dir='ltr'>Teste</span> <span class='ocrx_word' id='word_1_95' title='bbox 720 1678 921 1762; x_wconf 90' lang='lat' dir='ltr'>Holzingero</span> <span class='ocrx_word' id='word_1_96' title='bbox 951 1683 1103 1763; x_wconf 87' lang='lat' dir='ltr'>(Wiener</span> <span class='ocrx_word' id='word_1_97' title='bbox 1128 1681 1270 1748; x_wconf 86' lang='lat' dir='ltr'>Studien</span> 
     </span>
     <span class='ocr_line' id='line_1_12' title="bbox 98 1773 1271 1869; baseline -0.002 -21"><span class='ocrx_word' id='word_1_98' title='bbox 98 1786 167 1850; x_wconf 86' lang='lat' dir='ltr'>vol.</span> <span class='ocrx_word' id='word_1_99' title='bbox 191 1785 220 1849; x_wconf 91' lang='lat' dir='ltr'>V</span> <span class='ocrx_word' id='word_1_100' title='bbox 242 1803 275 1866; x_wconf 95' lang='lat' dir='ltr'>p.</span> <span class='ocrx_word' id='word_1_101' title='bbox 290 1783 367 1866; x_wconf 89' lang='grc'>333)</span> <span class='ocrx_word' id='word_1_102' title='bbox 390 1781 425 1845; x_wconf 82' lang='grc' dir='ltr'>ἰι]</span> <span class='ocrx_word' id='word_1_103' title='bbox 450 1781 564 1846; x_wconf 89' lang='lat' dir='ltr'>codice</span> <span class='ocrx_word' id='word_1_104' title='bbox 587 1781 613 1842; x_wconf 91' lang='lat' dir='ltr'>V</span> <span class='ocrx_word' id='word_1_105' title='bbox 637 1779 672 1844; x_wconf 93' lang='lat' dir='ltr'>in</span> <span class='ocrx_word' id='word_1_106' title='bbox 694 1801 792 1846; x_wconf 88' lang='lat' dir='ltr'>versu</span> <span class='ocrx_word' id='word_1_107' title='bbox 810 1782 891 1846; x_wconf 87' lang='grc'>1333</span> <span class='ocrx_word' id='word_1_108' title='bbox 908 1785 1020 1849; x_wconf 89' lang='lat' dir='ltr'>verbis</span> <span class='ocrx_word' id='word_1_109' title='bbox 1044 1773 1069 1848; x_wconf 81' lang='grc' dir='ltr'><em>ὦ</em></span> <span class='ocrx_word' id='word_1_110' title='bbox 1095 1781 1271 1869; x_wconf 82' lang='grc' dir='ltr'>τριομάιιαρ</span> 
     </span>
     <span class='ocr_line' id='line_1_13' title="bbox 97 1880 1271 1973; baseline -0.003 -21"><span class='ocrx_word' id='word_1_111' title='bbox 97 1887 370 1971; x_wconf 88' lang='lat' dir='ltr'>suprascriptum</span> <span class='ocrx_word' id='word_1_112' title='bbox 413 1889 466 1949; x_wconf 90' lang='lat' dir='ltr'>est</span> <span class='ocrx_word' id='word_1_113' title='bbox 503 1880 667 1969; x_wconf 75' lang='grc' dir='ltr'>ἠριχόριον</span> <span class='ocrx_word' id='word_1_114' title='bbox 707 1887 740 1948; x_wconf 90' lang='lat' dir='ltr'>et</span> <span class='ocrx_word' id='word_1_115' title='bbox 782 1883 817 1949; x_wconf 93' lang='lat' dir='ltr'>in</span> <span class='ocrx_word' id='word_1_116' title='bbox 860 1886 935 1968; x_wconf 91' lang='lat' dir='ltr'>ipso</span> <span class='ocrx_word' id='word_1_117' title='bbox 976 1891 1069 1953; x_wconf 86' lang='lat' dir='ltr'>textu</span> <span class='ocrx_word' id='word_1_118' title='bbox 1107 1882 1271 1973; x_wconf 76' lang='grc' dir='ltr'>ήριχόριον</span> 
     </span>
     <span class='ocr_line' id='line_1_14' title="bbox 94 1984 1270 2077; baseline -0.003 -20"><span class='ocrx_word' id='word_1_119' title='bbox 94 1989 182 2077; x_wconf 75' lang='grc' dir='ltr'>ὑμήν</span> <span class='ocrx_word' id='word_1_120' title='bbox 205 1987 355 2076; x_wconf 70' lang='grc' dir='ltr'>ὑμεναίοις</span> <span class='ocrx_word' id='word_1_121' title='bbox 385 1985 478 2052; x_wconf 76' lang='grc' dir='ltr'>ἄλλοι</span> <span class='ocrx_word' id='word_1_122' title='bbox 508 1984 534 2050; x_wconf 80' lang='grc' dir='ltr'><em>ὦ</em></span> <span class='ocrx_word' id='word_1_123' title='bbox 559 1984 735 2072; x_wconf 76' lang='grc' dir='ltr'>τρισμάκαρ</span> <span class='ocrx_word' id='word_1_124' title='bbox 762 1987 830 2052; x_wconf 86' lang='grc' dir='ltr'>κτλ.</span> <span class='ocrx_word' id='word_1_125' title='bbox 882 1990 918 2054; x_wconf 90' lang='lat' dir='ltr'>ln</span> <span class='ocrx_word' id='word_1_126' title='bbox 949 1988 1145 2056; x_wconf 88' lang='lat' dir='ltr'>colometria</span> <span class='ocrx_word' id='word_1_127' title='bbox 1171 2009 1270 2071; x_wconf 89' lang='lat' dir='ltr'>para·</span> 
     </span>
     <span class='ocr_line' id='line_1_15' title="bbox 93 2092 1270 2178; baseline -0.003 -18"><span class='ocrx_word' id='word_1_128' title='bbox 93 2093 222 2177; x_wconf 83' lang='lat' dir='ltr'>graphi</span> <span class='ocrx_word' id='word_1_129' title='bbox 267 2093 573 2158; x_wconf 87' lang='lat' dir='ltr'>commemorantur</span> <span class='ocrx_word' id='word_1_130' title='bbox 615 2092 849 2156; x_wconf 86' lang='lat' dir='ltr'>tantummodo</span> <span class='ocrx_word' id='word_1_131' title='bbox 894 2093 930 2158; x_wconf 90' lang='lat' dir='ltr'>in</span> <span class='ocrx_word' id='word_1_132' title='bbox 967 2095 1073 2160; x_wconf 89' lang='lat' dir='ltr'>schol.</span> <span class='ocrx_word' id='word_1_133' title='bbox 1114 2094 1168 2175; x_wconf 86' lang='lat' dir='ltr'>(V)</span> <span class='ocrx_word' id='word_1_134' title='bbox 1210 2093 1270 2178; x_wconf 81' lang='lat' dir='ltr'>Eq.</span> 
     </span>
     <span class='ocr_line' id='line_1_16' title="bbox 92 2191 1270 2280; baseline -0.002 -18"><span class='ocrx_word' id='word_1_135' title='bbox 92 2199 163 2264; x_wconf 82' lang='lat'>973</span> <span class='ocrx_word' id='word_1_136' title='bbox 195 2247 203 2262; x_wconf 93' lang='lat'>.</span> <span class='ocrx_word' id='word_1_137' title='bbox 228 2246 267 2262; x_wconf 90' lang='lat'>..</span> <span class='ocrx_word' id='word_1_138' title='bbox 298 2195 329 2258; x_wconf 82' lang='grc' dir='ltr'>ἐν</span> <span class='ocrx_word' id='word_1_139' title='bbox 357 2192 494 2258; x_wconf 72' lang='grc' dir='ltr'>εἰσθὲσει</span> <span class='ocrx_word' id='word_1_140' title='bbox 519 2198 575 2257; x_wconf 86' lang='grc' dir='ltr'>τοῦ</span> <span class='ocrx_word' id='word_1_141' title='bbox 601 2193 701 2278; x_wconf 83' lang='grc' dir='ltr'>χοροῦ</span> <span class='ocrx_word' id='word_1_142' title='bbox 728 2192 798 2272; x_wconf 81' lang='grc' dir='ltr'>ἑξὰς</span> <span class='ocrx_word' id='word_1_143' title='bbox 820 2195 1087 2280; x_wconf 78' lang='grc' dir='ltr'>μονοατρορική·.</span> <span class='ocrx_word' id='word_1_144' title='bbox 1110 2245 1117 2258; x_wconf 94' lang='grc'><strong>.</strong></span> <span class='ocrx_word' id='word_1_145' title='bbox 1140 2245 1147 2260; x_wconf 95' lang='grc'><strong>.</strong></span> <span class='ocrx_word' id='word_1_146' title='bbox 1169 2191 1270 2280; x_wconf 71' lang='grc' dir='ltr'>παρά·</span> 
     </span>
     <span class='ocr_line' id='line_1_17' title="bbox 91 2293 1270 2386; baseline -0.001 -23"><span class='ocrx_word' id='word_1_147' title='bbox 91 2320 219 2386; x_wconf 81' lang='grc' dir='ltr'>γραφοι</span> <span class='ocrx_word' id='word_1_148' title='bbox 241 2299 276 2362; x_wconf 83' lang='grc' dir='ltr'>δὲ</span> <span class='ocrx_word' id='word_1_149' title='bbox 299 2294 399 2362; x_wconf 76' lang='grc' dir='ltr'>ἁπλαῖ</span> <span class='ocrx_word' id='word_1_150' title='bbox 418 2297 481 2378; x_wconf 89' lang='lat' dir='ltr'>(sic</span> <span class='ocrx_word' id='word_1_151' title='bbox 503 2297 671 2375; x_wconf 86' lang='lat' dir='ltr'>Duebner‚</span> <span class='ocrx_word' id='word_1_152' title='bbox 700 2293 796 2362; x_wconf 79' lang='grc' dir='ltr'>ἁπλοῖ</span> <span class='ocrx_word' id='word_1_153' title='bbox 822 2299 895 2365; x_wconf 94' lang='lat' dir='ltr'>cod.</span> <span class='ocrx_word' id='word_1_154' title='bbox 924 2301 1019 2382; x_wconf 86' lang='lat' dir='ltr'>Ven.)</span> <span class='ocrx_word' id='word_1_155' title='bbox 1048 2300 1104 2384; x_wconf 77' lang='grc' dir='ltr'>μὶν</span> <span class='ocrx_word' id='word_1_156' title='bbox 1125 2297 1225 2382; x_wconf 76' lang='grc' dir='ltr'>πέντε,</span> <span class='ocrx_word' id='word_1_157' title='bbox 1247 2297 1270 2383; x_wconf 70' lang='grc' dir='ltr'>ἠ</span> 
     </span>
     <span class='ocr_line' id='line_1_18' title="bbox 89 2397 1271 2486; baseline 0.001 -19"><span class='ocrx_word' id='word_1_158' title='bbox 89 2405 132 2467; x_wconf 81' lang='grc' dir='ltr'>δὲ</span> <span class='ocrx_word' id='word_1_159' title='bbox 158 2405 238 2486; x_wconf 74' lang='grc' dir='ltr'>ἕκτη</span> <span class='ocrx_word' id='word_1_160' title='bbox 261 2401 317 2465; x_wconf 83' lang='grc' dir='ltr'>καὶ</span> <span class='ocrx_word' id='word_1_161' title='bbox 338 2399 417 2486; x_wconf 76' lang='grc' dir='ltr'>μετὰ</span> <span class='ocrx_word' id='word_1_162' title='bbox 432 2397 608 2482; x_wconf 77' lang='grc' dir='ltr'><strong>κορωνίδος,</strong></span> <span class='ocrx_word' id='word_1_163' title='bbox 633 2399 693 2464; x_wconf 90' lang='lat' dir='ltr'>sed</span> <span class='ocrx_word' id='word_1_164' title='bbox 707 2400 881 2467; x_wconf 88' lang='lat' dir='ltr'>Heliodori</span> <span class='ocrx_word' id='word_1_165' title='bbox 895 2402 999 2467; x_wconf 88' lang='lat' dir='ltr'>verba</span> <span class='ocrx_word' id='word_1_166' title='bbox 1013 2404 1154 2469; x_wconf 86' lang='lat' dir='ltr'>subesse</span> <span class='ocrx_word' id='word_1_167' title='bbox 1169 2402 1271 2468; x_wconf 86' lang='lat' dir='ltr'>etiam</span> 
     </span>
     <span class='ocr_line' id='line_1_19' title="bbox 90 2503 1270 2591; baseline -0.003 -19"><span class='ocrx_word' id='word_1_168' title='bbox 90 2506 234 2572; x_wconf 87' lang='lat' dir='ltr'>scholio</span> <span class='ocrx_word' id='word_1_169' title='bbox 249 2505 396 2570; x_wconf 85' lang='lat' dir='ltr'>Acharn.</span> <span class='ocrx_word' id='word_1_170' title='bbox 409 2504 473 2568; x_wconf 77' lang='lat'>836</span> <span class='ocrx_word' id='word_1_171' title='bbox 488 2503 567 2586; x_wconf 87' lang='lat' dir='ltr'>(orn.</span> <span class='ocrx_word' id='word_1_172' title='bbox 579 2503 625 2580; x_wconf 89' lang='lat' dir='ltr'>R;</span> <span class='ocrx_word' id='word_1_173' title='bbox 642 2507 713 2567; x_wconf 88' lang='lat' dir='ltr'>tota</span> <span class='ocrx_word' id='word_1_174' title='bbox 725 2504 837 2569; x_wconf 87' lang='lat' dir='ltr'>fabula</span> <span class='ocrx_word' id='word_1_175' title='bbox 852 2505 948 2571; x_wconf 89' lang='lat' dir='ltr'>deest</span> <span class='ocrx_word' id='word_1_176' title='bbox 963 2506 998 2570; x_wconf 94' lang='lat' dir='ltr'>in</span> <span class='ocrx_word' id='word_1_177' title='bbox 1010 2507 1050 2588; x_wconf 89' lang='lat' dir='ltr'>V)</span> <span class='ocrx_word' id='word_1_178' title='bbox 1062 2505 1205 2591; x_wconf 77' lang='grc' dir='ltr'>μένοντος</span> <span class='ocrx_word' id='word_1_179' title='bbox 1215 2506 1270 2569; x_wconf 85' lang='grc' dir='ltr'>τοῦ</span> 
     </span>
     <span class='ocr_line' id='line_1_20' title="bbox 86 2602 1270 2697; baseline -0.003 -20"><span class='ocrx_word' id='word_1_180' title='bbox 86 2612 201 2697; x_wconf 86' lang='grc' dir='ltr'>χοροῦ</span> <span class='ocrx_word' id='word_1_181' title='bbox 225 2605 455 2695; x_wconf 81' lang='grc' dir='ltr'>μονοστροφιιιή</span> <span class='ocrx_word' id='word_1_182' title='bbox 477 2604 628 2691; x_wconf 84' lang='grc' dir='ltr'>περιόδων</span> <span class='ocrx_word' id='word_1_183' title='bbox 652 2602 817 2685; x_wconf 73' lang='grc' dir='ltr'>ἑξακιόλων</span> <span class='ocrx_word' id='word_1_184' title='bbox 839 2608 994 2694; x_wconf 54' lang='lat' dir='ltr'>rapae)</span> <span class='ocrx_word' id='word_1_185' title='bbox 1010 2660 1019 2676; x_wconf 89' lang='lat'>.</span> <span class='ocrx_word' id='word_1_186' title='bbox 1035 2660 1042 2675; x_wconf 93' lang='lat'>.</span> <span class='ocrx_word' id='word_1_187' title='bbox 1060 2661 1067 2677; x_wconf 98' lang='lat'>.</span> <span class='ocrx_word' id='word_1_188' title='bbox 1087 2612 1143 2675; x_wconf 80' lang='grc' dir='ltr'>καὶ</span> <span class='ocrx_word' id='word_1_189' title='bbox 1162 2610 1195 2675; x_wconf 79' lang='lat' dir='ltr'>ai</span> <span class='ocrx_word' id='word_1_190' title='bbox 1215 2611 1270 2696; x_wconf 76' lang='grc' dir='ltr'>μὲν</span> 
     </span>
     <span class='ocr_line' id='line_1_21' title="bbox 87 2706 1270 2799; baseline -0.003 -20"><span class='ocrx_word' id='word_1_191' title='bbox 87 2716 224 2799; x_wconf 81' lang='grc' dir='ltr'>πρῶται</span> <span class='ocrx_word' id='word_1_192' title='bbox 245 2706 455 2797; x_wconf 77' lang='grc' dir='ltr'>παραγράφιρ,</span> <span class='ocrx_word' id='word_1_193' title='bbox 477 2707 499 2795; x_wconf 75' lang='grc' dir='ltr'>ἡ</span> <span class='ocrx_word' id='word_1_194' title='bbox 522 2711 558 2774; x_wconf 82' lang='grc' dir='ltr'>δὲ</span> <span class='ocrx_word' id='word_1_195' title='bbox 579 2709 741 2775; x_wconf 83' lang='grc' dir='ltr'>τελευταία</span> <span class='ocrx_word' id='word_1_196' title='bbox 763 2711 891 2796; x_wconf 69' lang='grc' dir='ltr'>&lt;ιιαὶ&gt;31</span> <span class='ocrx_word' id='word_1_197' title='bbox 918 2712 1063 2797; x_wconf 82' lang='grc' dir='ltr'>ιιορωνίδι</span> <span class='ocrx_word' id='word_1_198' title='bbox 1090 2712 1270 2799; x_wconf 79' lang='grc' dir='ltr'>οημειοῡται</span> 
     </span>
     <span class='ocr_line' id='line_1_22' title="bbox 86 2814 1270 2899; baseline -0.003 -14"><span class='ocrx_word' id='word_1_199' title='bbox 86 2824 193 2885; x_wconf 83' lang='lat' dir='ltr'>recte</span> <span class='ocrx_word' id='word_1_200' title='bbox 209 2816 357 2883; x_wconf 88' lang='lat' dir='ltr'>Hensius</span> <span class='ocrx_word' id='word_1_201' title='bbox 373 2816 417 2899; x_wconf 84' lang='lat' dir='ltr'>(p,</span> <span class='ocrx_word' id='word_1_202' title='bbox 431 2816 485 2898; x_wconf 89' lang='lat'>50)</span> <span class='ocrx_word' id='word_1_203' title='bbox 502 2814 655 2880; x_wconf 89' lang='lat' dir='ltr'>coniecit.</span> <span class='ocrx_word' id='word_1_204' title='bbox 692 2814 807 2881; x_wconf 89' lang='lat' dir='ltr'>Prima</span> <span class='ocrx_word' id='word_1_205' title='bbox 823 2817 935 2898; x_wconf 88' lang='lat' dir='ltr'>specie</span> <span class='ocrx_word' id='word_1_206' title='bbox 956 2818 1010 2882; x_wconf 94' lang='lat' dir='ltr'>bis</span> <span class='ocrx_word' id='word_1_207' title='bbox 1033 2817 1164 2882; x_wconf 90' lang='lat' dir='ltr'>duobus</span> <span class='ocrx_word' id='word_1_208' title='bbox 1186 2816 1270 2882; x_wconf 90' lang='lat' dir='ltr'>locis</span> 
     </span>
     <span class='ocr_line' id='line_1_23' title="bbox 86 2918 1268 3004; baseline -0.001 -17"><span class='ocrx_word' id='word_1_209' title='bbox 86 2919 264 3002; x_wconf 75' lang='lat' dir='ltr'>distingui</span> <span class='ocrx_word' id='word_1_210' title='bbox 286 2918 506 3001; x_wconf 78' lang='lat' dir='ltr'>paragraphis</span> <span class='ocrx_word' id='word_1_211' title='bbox 531 2918 679 2999; x_wconf 87' lang='lat' dir='ltr'>singulas</span> <span class='ocrx_word' id='word_1_212' title='bbox 703 2919 861 3001; x_wconf 87' lang='lat' dir='ltr'>strophas</span> <span class='ocrx_word' id='word_1_213' title='bbox 881 2921 944 2999; x_wconf 88' lang='lat' dir='ltr'>vel,</span> <span class='ocrx_word' id='word_1_214' title='bbox 960 2925 996 2986; x_wconf 90' lang='lat' dir='ltr'>ut</span> <span class='ocrx_word' id='word_1_215' title='bbox 1007 2920 1268 3004; x_wconf 90' lang='lat' dir='ltr'>Hephaestionis</span> 
     </span>
     <span class='ocr_line' id='line_1_24' title="bbox 82 3018 1271 3107; baseline -0.002 -18"><span class='ocrx_word' id='word_1_216' title='bbox 82 3023 216 3091; x_wconf 87' lang='lat' dir='ltr'>verbis</span> <span class='ocrx_word' id='word_1_217' title='bbox 232 3025 318 3100; x_wconf 82' lang='lat' dir='ltr'>utar,</span> <span class='ocrx_word' id='word_1_218' title='bbox 340 3041 398 3087; x_wconf 90' lang='lat' dir='ltr'>eas</span> <span class='ocrx_word' id='word_1_219' title='bbox 413 3025 592 3102; x_wconf 87' lang='lat' dir='ltr'>usurpatas</span> <span class='ocrx_word' id='word_1_220' title='bbox 616 3040 691 3085; x_wconf 89' lang='lat' dir='ltr'>esse</span> <span class='ocrx_word' id='word_1_221' title='bbox 714 3018 828 3105; x_wconf 75' lang='grc' dir='ltr'>μεταξὺ</span> <span class='ocrx_word' id='word_1_222' title='bbox 849 3020 905 3105; x_wconf 75' lang='grc' dir='ltr'>τῆς</span> <span class='ocrx_word' id='word_1_223' title='bbox 926 3042 961 3086; x_wconf 80' lang='grc' dir='ltr'>τε</span> <span class='ocrx_word' id='word_1_224' title='bbox 982 3022 1119 3107; x_wconf 81' lang='grc' dir='ltr'>στροφῆς</span> <span class='ocrx_word' id='word_1_225' title='bbox 1139 3025 1194 3087; x_wconf 79' lang='grc' dir='ltr'>καὶ</span> <span class='ocrx_word' id='word_1_226' title='bbox 1214 3023 1271 3107; x_wconf 79' lang='grc' dir='ltr'>τῆς</span> 
     </span>
     <span class='ocr_line' id='line_1_25' title="bbox 84 3121 1270 3210; baseline -0.002 -17"><span class='ocrx_word' id='word_1_227' title='bbox 84 3121 309 3210; x_wconf 82' lang='grc' dir='ltr'>ἀντιστρόφου</span> <span class='ocrx_word' id='word_1_228' title='bbox 324 3124 433 3209; x_wconf 89' lang='lat' dir='ltr'>quivis</span> <span class='ocrx_word' id='word_1_229' title='bbox 448 3124 682 3205; x_wconf 85' lang='lat' dir='ltr'>suspicabitur.</span> <span class='ocrx_word' id='word_1_230' title='bbox 711 3124 825 3208; x_wconf 87' lang='lat' dir='ltr'>Neque</span> <span class='ocrx_word' id='word_1_231' title='bbox 838 3125 880 3190; x_wconf 89' lang='lat' dir='ltr'>de</span> <span class='ocrx_word' id='word_1_232' title='bbox 897 3126 959 3191; x_wconf 90' lang='lat' dir='ltr'>hac</span> <span class='ocrx_word' id='word_1_233' title='bbox 974 3127 1142 3191; x_wconf 87' lang='lat' dir='ltr'>sententia</span> <span class='ocrx_word' id='word_1_234' title='bbox 1156 3127 1270 3209; x_wconf 89' lang='lat' dir='ltr'>depel-</span> 
     </span>
     <span class='ocr_line' id='line_1_26' title="bbox 80 3226 1270 3313; baseline -0.003 -14"><span class='ocrx_word' id='word_1_235' title='bbox 80 3236 202 3299; x_wconf 90' lang='lat' dir='ltr'>limur</span> <span class='ocrx_word' id='word_1_236' title='bbox 219 3249 270 3308; x_wconf 89' lang='lat' dir='ltr'>eo,</span> <span class='ocrx_word' id='word_1_237' title='bbox 286 3228 376 3312; x_wconf 85' lang='lat' dir='ltr'>quod</span> <span class='ocrx_word' id='word_1_238' title='bbox 397 3227 543 3293; x_wconf 90' lang='lat' dir='ltr'>Hensius</span> <span class='ocrx_word' id='word_1_239' title='bbox 564 3226 609 3309; x_wconf 85' lang='lat' dir='ltr'>(p.</span> <span class='ocrx_word' id='word_1_240' title='bbox 630 3228 770 3311; x_wconf 79' lang='lat'><strong>49-51)</strong></span> <span class='ocrx_word' id='word_1_241' title='bbox 790 3233 933 3313; x_wconf 89' lang='lat' dir='ltr'>utroque</span> <span class='ocrx_word' id='word_1_242' title='bbox 952 3229 1028 3294; x_wconf 89' lang='lat' dir='ltr'>loco</span> <span class='ocrx_word' id='word_1_243' title='bbox 1050 3230 1270 3313; x_wconf 85' lang='lat' dir='ltr'>paragraphis</span> 
     </span>
     <span class='ocr_line' id='line_1_27' title="bbox 79 3329 1270 3413; baseline -0.003 -10"><span class='ocrx_word' id='word_1_244' title='bbox 79 3332 315 3403; x_wconf 82' lang='lat' dir='ltr'>henrichoria</span> <span class='ocrx_word' id='word_1_245' title='bbox 338 3330 516 3413; x_wconf 87' lang='lat' dir='ltr'>significari</span> <span class='ocrx_word' id='word_1_246' title='bbox 539 3329 724 3395; x_wconf 85' lang='lat' dir='ltr'>affirmavit.</span> <span class='ocrx_word' id='word_1_247' title='bbox 762 3332 896 3397; x_wconf 85' lang='lat' dir='ltr'>Etenim</span> <span class='ocrx_word' id='word_1_248' title='bbox 914 3332 1069 3398; x_wconf 90' lang='lat' dir='ltr'>scholion</span> <span class='ocrx_word' id='word_1_249' title='bbox 1084 3335 1159 3399; x_wconf 90' lang='lat' dir='ltr'>Pac.</span> <span class='ocrx_word' id='word_1_250' title='bbox 1178 3334 1270 3412; x_wconf 85' lang='grc'>1333,</span> 
     </span>
     <span class='ocr_line' id='line_1_28' title="bbox 80 3432 1271 3524; baseline -0.002 -20"><span class='ocrx_word' id='word_1_251' title='bbox 80 3458 168 3524; x_wconf 89' lang='lat' dir='ltr'>quo</span> <span class='ocrx_word' id='word_1_252' title='bbox 194 3436 238 3501; x_wconf 90' lang='lat' dir='ltr'>ad</span> <span class='ocrx_word' id='word_1_253' title='bbox 261 3436 349 3499; x_wconf 90' lang='lat' dir='ltr'>hanc</span> <span class='ocrx_word' id='word_1_254' title='bbox 373 3434 567 3517; x_wconf 88' lang='lat' dir='ltr'>opinionem</span> <span class='ocrx_word' id='word_1_255' title='bbox 591 3432 836 3499; x_wconf 86' lang='lat' dir='ltr'>defendendam</span> <span class='ocrx_word' id='word_1_256' title='bbox 857 3436 993 3501; x_wconf 86' lang='lat' dir='ltr'>innixus</span> <span class='ocrx_word' id='word_1_257' title='bbox 1017 3441 1077 3515; x_wconf 81' lang='lat' dir='ltr'>est,</span> <span class='ocrx_word' id='word_1_258' title='bbox 1110 3437 1154 3501; x_wconf 90' lang='lat' dir='ltr'>ad</span> <span class='ocrx_word' id='word_1_259' title='bbox 1180 3438 1271 3503; x_wconf 89' lang='lat' dir='ltr'>colo·</span> 
     </span>
     <span class='ocr_line' id='line_1_29' title="bbox 80 3537 1271 3621; baseline -0.005 -10"><span class='ocrx_word' id='word_1_260' title='bbox 80 3540 263 3611; x_wconf 87' lang='lat' dir='ltr'>metriam</span> <span class='ocrx_word' id='word_1_261' title='bbox 285 3558 355 3604; x_wconf 91' lang='lat' dir='ltr'>non</span> <span class='ocrx_word' id='word_1_262' title='bbox 376 3538 546 3621; x_wconf 89' lang='lat' dir='ltr'>pertinere</span> <span class='ocrx_word' id='word_1_263' title='bbox 562 3537 821 3621; x_wconf 60' lang='lat' dir='ltr'>cognovimusf)</span> <span class='ocrx_word' id='word_1_264' title='bbox 857 3538 1036 3605; x_wconf 88' lang='lat' dir='ltr'>Praeterea</span> <span class='ocrx_word' id='word_1_265' title='bbox 1050 3540 1271 3606; x_wconf 86' lang='lat' dir='ltr'>adversantur</span> 
     </span>
     <span class='ocr_line' id='line_1_30' title="bbox 78 3641 1270 3725; baseline -0.006 -9"><span class='ocrx_word' id='word_1_266' title='bbox 78 3652 175 3715; x_wconf 89' lang='lat' dir='ltr'>eius</span> <span class='ocrx_word' id='word_1_267' title='bbox 205 3642 419 3709; x_wconf 88' lang='lat' dir='ltr'>coniecturae</span> <span class='ocrx_word' id='word_1_268' title='bbox 446 3661 521 3707; x_wconf 90' lang='lat' dir='ltr'>curn</span> <span class='ocrx_word' id='word_1_269' title='bbox 550 3642 616 3706; x_wconf 90' lang='lat' dir='ltr'>alia</span> <span class='ocrx_word' id='word_1_270' title='bbox 644 3647 714 3707; x_wconf 90' lang='lat' dir='ltr'>tum</span> <span class='ocrx_word' id='word_1_271' title='bbox 737 3641 828 3720; x_wconf 87' lang='lat' dir='ltr'>illud,</span> <span class='ocrx_word' id='word_1_272' title='bbox 857 3643 957 3725; x_wconf 82' lang='lat' dir='ltr'>quod,</span> <span class='ocrx_word' id='word_1_273' title='bbox 979 3643 1142 3708; x_wconf 90' lang='lat' dir='ltr'>Hensium</span> <span class='ocrx_word' id='word_1_274' title='bbox 1165 3644 1194 3709; x_wconf 92' lang='lat' dir='ltr'>si</span> <span class='ocrx_word' id='word_1_275' title='bbox 1218 3665 1270 3709; x_wconf 88' lang='lat' dir='ltr'>se-</span> 
     </span>
     <span class='ocr_line' id='line_1_31' title="bbox 75 3745 1270 3839; baseline -0.001 -25"><span class='ocrx_word' id='word_1_276' title='bbox 75 3752 248 3839; x_wconf 84' lang='lat' dir='ltr'>quimur‚</span> <span class='ocrx_word' id='word_1_277' title='bbox 277 3746 497 3811; x_wconf 89' lang='lat' dir='ltr'>Heliodorum</span> <span class='ocrx_word' id='word_1_278' title='bbox 527 3745 674 3827; x_wconf 90' lang='lat' dir='ltr'>singulas</span> <span class='ocrx_word' id='word_1_279' title='bbox 704 3746 890 3811; x_wconf 87' lang='lat' dir='ltr'>carminum</span> <span class='ocrx_word' id='word_1_280' title='bbox 916 3748 1270 3828; x_wconf 87' lang='lat' dir='ltr'>monostrophicorum</span> 
     </span>
    </p>
   </div>
   <div class='ocr_carea' id='block_1_3' title="bbox 55 3970 1271 4653">
    <p class='ocr_par' dir='ltr' id='par_1_3' title="bbox 190 3970 940 4217">
     <span class='ocr_line' id='line_1_32' title="bbox 194 3970 713 4041; baseline 0.008 -18"><span class='ocrx_word' id='word_1_281' title='bbox 194 3972 215 4041; x_wconf 81' lang='lat'>¹)</span> <span class='ocrx_word' id='word_1_282' title='bbox 233 3972 407 4039; x_wconf 75' lang='grc' dir='ltr'>παράγραφοι</span> <span class='ocrx_word' id='word_1_283' title='bbox 424 3970 498 4025; x_wconf 88' lang='lat' dir='ltr'>male</span> <span class='ocrx_word' id='word_1_284' title='bbox 516 3970 713 4027; x_wconf 85' lang='lat' dir='ltr'>Thiemannus.</span> 
     </span>
     <span class='ocr_line' id='line_1_33' title="bbox 190 4056 940 4128; baseline 0.004 -18"><span class='ocrx_word' id='word_1_285' title='bbox 190 4060 215 4128; x_wconf 84' lang='lat'>¹)</span> <span class='ocrx_word' id='word_1_286' title='bbox 233 4058 324 4112; x_wconf 85' lang='lat' dir='ltr'>Verba</span> <span class='ocrx_word' id='word_1_287' title='bbox 342 4063 469 4127; x_wconf 86' lang='lat' dir='ltr'>corrupte</span> <span class='ocrx_word' id='word_1_288' title='bbox 487 4059 590 4113; x_wconf 89' lang='lat' dir='ltr'>tradita</span> <span class='ocrx_word' id='word_1_289' title='bbox 609 4058 726 4112; x_wconf 83' lang='lat' dir='ltr'>correxit</span> <span class='ocrx_word' id='word_1_290' title='bbox 743 4056 940 4113; x_wconf 87' lang='lat' dir='ltr'>Thiemannus.</span> 
     </span>
     <span class='ocr_line' id='line_1_34' title="bbox 191 4146 407 4217; baseline 0.009 -19"><span class='ocrx_word' id='word_1_291' title='bbox 191 4146 214 4217; x_wconf 86' lang='lat'>¹)</span> <span class='ocrx_word' id='word_1_292' title='bbox 231 4150 280 4199; x_wconf 85' lang='grc' dir='ltr'>ιιιιῑ</span> <span class='ocrx_word' id='word_1_293' title='bbox 297 4146 407 4200; x_wconf 89' lang='lat' dir='ltr'>inserui.</span> 
     </span>
    </p>

    <p class='ocr_par' dir='ltr' id='par_1_4' title="bbox 55 4232 1271 4653">
     <span class='ocr_line' id='line_1_35' title="bbox 191 4232 1271 4306; baseline 0.005 -19"><span class='ocrx_word' id='word_1_294' title='bbox 191 4234 216 4303; x_wconf 83' lang='lat'>⁴)</span> <span class='ocrx_word' id='word_1_295' title='bbox 234 4232 348 4287; x_wconf 84' lang='lat' dir='ltr'>Etiamsi</span> <span class='ocrx_word' id='word_1_296' title='bbox 371 4233 438 4287; x_wconf 92' lang='lat' dir='ltr'>illud</span> <span class='ocrx_word' id='word_1_297' title='bbox 462 4234 589 4289; x_wconf 89' lang='lat' dir='ltr'>scholion</span> <span class='ocrx_word' id='word_1_298' title='bbox 617 4234 652 4288; x_wconf 89' lang='lat' dir='ltr'>ab</span> <span class='ocrx_word' id='word_1_299' title='bbox 679 4234 829 4289; x_wconf 89' lang='lat' dir='ltr'>Heliodoro</span> <span class='ocrx_word' id='word_1_300' title='bbox 855 4234 1002 4289; x_wconf 88' lang='lat' dir='ltr'>oriundum</span> <span class='ocrx_word' id='word_1_301' title='bbox 1024 4238 1111 4297; x_wconf 85' lang='lat' dir='ltr'>esset,</span> <span class='ocrx_word' id='word_1_302' title='bbox 1139 4251 1173 4289; x_wconf 87' lang='lat' dir='ltr'>ea</span> <span class='ocrx_word' id='word_1_303' title='bbox 1199 4252 1271 4306; x_wconf 82' lang='lat' dir='ltr'>quae</span> 
     </span>
     <span class='ocr_line' id='line_1_36' title="bbox 63 4320 1270 4394; baseline -0.001 -13"><span class='ocrx_word' id='word_1_304' title='bbox 63 4322 226 4389; x_wconf 83' lang='lat' dir='ltr'>Hensius</span> <span class='ocrx_word' id='word_1_305' title='bbox 250 4320 337 4375; x_wconf 82' lang='lat' dir='ltr'>voluit</span> <span class='ocrx_word' id='word_1_306' title='bbox 360 4320 425 4374; x_wconf 91' lang='lat' dir='ltr'>inde</span> <span class='ocrx_word' id='word_1_307' title='bbox 449 4320 578 4389; x_wconf 87' lang='lat' dir='ltr'>colligere</span> <span class='ocrx_word' id='word_1_308' title='bbox 601 4336 657 4375; x_wconf 89' lang='lat' dir='ltr'>non</span> <span class='ocrx_word' id='word_1_309' title='bbox 682 4322 783 4375; x_wconf 87' lang='lat' dir='ltr'>liceret.</span> <span class='ocrx_word' id='word_1_310' title='bbox 820 4320 917 4375; x_wconf 88' lang='lat' dir='ltr'>Obiter</span> <span class='ocrx_word' id='word_1_311' title='bbox 939 4337 1040 4375; x_wconf 89' lang='lat' dir='ltr'>moneo</span> <span class='ocrx_word' id='word_1_312' title='bbox 1064 4338 1099 4375; x_wconf 91' lang='lat' dir='ltr'>ne</span> <span class='ocrx_word' id='word_1_313' title='bbox 1116 4322 1194 4377; x_wconf 89' lang='lat' dir='ltr'>illum</span> <span class='ocrx_word' id='word_1_314' title='bbox 1211 4327 1270 4394; x_wconf 88' lang='lat' dir='ltr'>qui·</span> 
     </span>
     <span class='ocr_line' id='line_1_37' title="bbox 63 4408 1270 4479; baseline 0 -12"><span class='ocrx_word' id='word_1_315' title='bbox 63 4422 166 4475; x_wconf 79' lang='lat' dir='ltr'>dem</span> <span class='ocrx_word' id='word_1_316' title='bbox 186 4408 355 4479; x_wconf 86' lang='lat' dir='ltr'>paragraphi</span> <span class='ocrx_word' id='word_1_317' title='bbox 374 4425 455 4463; x_wconf 87' lang='lat' dir='ltr'>usum</span> <span class='ocrx_word' id='word_1_318' title='bbox 473 4424 554 4478; x_wconf 89' lang='lat' dir='ltr'>quem</span> <span class='ocrx_word' id='word_1_319' title='bbox 578 4410 697 4463; x_wconf 89' lang='lat' dir='ltr'>Hensius</span> <span class='ocrx_word' id='word_1_320' title='bbox 720 4409 817 4463; x_wconf 82' lang='lat' dir='ltr'>statuit</span> <span class='ocrx_word' id='word_1_321' title='bbox 835 4426 897 4463; x_wconf 91' lang='lat' dir='ltr'>cum</span> <span class='ocrx_word' id='word_1_322' title='bbox 914 4409 1121 4478; x_wconf 84' lang='lat' dir='ltr'>Hephaestione</span> <span class='ocrx_word' id='word_1_323' title='bbox 1139 4427 1270 4479; x_wconf 73' lang='lat' dir='ltr'>pugnare.</span> 
     </span>
     <span class='ocr_line' id='line_1_38' title="bbox 62 4492 1270 4577; baseline 0.002 -24"><span class='ocrx_word' id='word_1_324' title='bbox 62 4500 210 4577; x_wconf 80' lang='lat' dir='ltr'>quippe</span> <span class='ocrx_word' id='word_1_325' title='bbox 229 4496 276 4564; x_wconf 86' lang='lat' dir='ltr'>qui</span> <span class='ocrx_word' id='word_1_326' title='bbox 296 4496 499 4565; x_wconf 89' lang='lat' dir='ltr'>paragraphum</span> <span class='ocrx_word' id='word_1_327' title='bbox 517 4497 643 4564; x_wconf 87' lang='lat' dir='ltr'>usurpari</span> <span class='ocrx_word' id='word_1_328' title='bbox 662 4496 761 4551; x_wconf 85' lang='lat' dir='ltr'>dixerit</span> <span class='ocrx_word' id='word_1_329' title='bbox 777 4497 849 4551; x_wconf 77' lang='grc' dir='ltr'>κατὰ</span> <span class='ocrx_word' id='word_1_330' title='bbox 867 4497 998 4564; x_wconf 80' lang='grc' dir='ltr'>πρόσωπα</span> <span class='ocrx_word' id='word_1_331' title='bbox 1015 4492 1143 4563; x_wconf 75' lang='grc' dir='ltr'>ἀμοιβαῖα</span> <span class='ocrx_word' id='word_1_332' title='bbox 1160 4506 1188 4555; x_wconf 74' lang='grc' dir='ltr'>ἐν</span> <span class='ocrx_word' id='word_1_333' title='bbox 1211 4542 1219 4555; x_wconf 94' lang='grc'>.</span> <span class='ocrx_word' id='word_1_334' title='bbox 1237 4543 1244 4556; x_wconf 95' lang='grc'><strong><em>.</em></strong></span> <span class='ocrx_word' id='word_1_335' title='bbox 1264 4547 1270 4561; x_wconf 87' lang='grc'><strong>.</strong></span> 
     </span>
     <span class='ocr_line' id='line_1_39' title="bbox 55 4588 303 4653; baseline 0 -18"><span class='ocrx_word' id='word_1_336' title='bbox 55 4598 154 4651; x_wconf 66' lang='grc' dir='ltr'>τοῖς</span> <span class='ocrx_word' id='word_1_337' title='bbox 173 4588 303 4653; x_wconf 78' lang='grc' dir='ltr'>χορικοῖς.</span> 
     </span>
    </p>
   </div>
   <div class='ocr_carea' id='block_1_4' title="bbox 0 0 1734 5200">
    <p class='ocr_par' dir='ltr' id='par_1_5' title="bbox 0 0 1734 5200">
     <span class='ocr_line' id='line_1_40' title="bbox 0 0 1734 5200; baseline 0 2"><span class='ocrx_word' id='word_1_338' title='bbox 0 0 1734 5200; x_wconf 95' lang='lat' dir='ltr'> </span> 
     </span>
    </p>
   </div>
  </div>
 </body>
</html>
