3459 5200
694 406 778 479 'm

219 623 246 689 is
267 624 402 706 equestri
424 644 520 689 ceram
548 642 664 706 epicam
691 621 729 686 de
755 642 840 687 mare
873 622 1041 687 traaaoerrs
1067 642 1139 687 uam
1163 621 1245 704 forte
1271 621 1370 687 inter·

213 734 387 821 pellaretnr
408 758 477 801 racc
498 735 645 817 semoris,
668 734 724 801 stall
745 754 807 819 arao
828 734 1015 819 imperatore
1029 735 1211 801 naeniisset:
1231 756 1280 800 mc
1294 734 1370 819 ipso,

219 847 335 931 inanit,
353 846 501 933 pancipe
515 846 659 913 militaui.

238 963 329 1028 Idem
352 964 472 1046 legitur
493 962 581 1045 apud
604 963 688 1027 Plut.
705 962 821 1043 Pomp.
837 962 924 1044 92¹„
947 962 981 1028 S.
999 963 1141 1027 tortasse
1164 980 1205 1027 ex
1221 960 1370 1027 Sallustii

153 1075 305 1157 historiis
322 1075 443 1155 hausit,
467 1094 550 1158 quas
573 1075 629 1140 ille
652 1074 687 1137 ln
702 1074 839 1157 Pompei
855 1075 924 1139 vila
939 1074 1128 1140 enarranda
1145 1078 1279 1139 secutus
1294 1094 1370 1139 esse

153 1186 284 1253 videtur
312 1186 433 1266 (Peter,
461 1185 603 1265 Quellen
626 1186 802 1251 Plutarchs
832 1188 892 1251 lla
915 1188 1016 1271 sqq.);
1050 1186 1113 1252 has
1136 1206 1212 1252 eum
1234 1188 1370 1252 novisse

154 1303 281 1365 certum
305 1304 356 1389 est
379 1300 433 1381 (cf.
457 1300 475 1382 ἕ
498 1301 517 1363 5
541 1302 621 1365 sect.
643 1296 765 1381 XVIII).

153 1429 179 1493 Il
201 1428 290 1507 463:
326 1426 410 1492 nihil
431 1426 534 1512 ipitar
553 1446 658 1492 moror
678 1424 833 1509 familiam
857 1424 1046 1509 Spartaco
1067 1423 1258 1509 nequiorem.

153 1559 178 1622 II
201 1558 289 1637 60,1:
324 1560 359 1621 tn
380 1578 501 1623 matam
522 1554 880 1641 operaLacallana
888 1551 1035 1641 partiris.
1072 1556 1114 1620 Vl
1129 1556 1185 1621 70:
1215 1552 1370 1637 siarcidem

216 1689 316 1734 sermo
330 1668 455 1734 distzclit
468 1668 622 1753 quaedam
636 1689 689 1733 aas
703 1664 895 1733 Liccallanis
916 1666 1059 1751 operam
1073 1666 1239 1749 aequanda
1252 1665 1370 1749 fecisse.

217 1783 270 1847 VII
294 1782 349 1846 36:
371 1780 449 1863 arcia
470 1778 595 1847 malta?
615 1780 790 1846 suacessisti
812 1780 849 1845 in
870 1778 990 1863 famam
1012 1778 1150 1845 Marcii.

153 1912 192 1976 III
215 1911 304 1993 232:
342 1914 425 1975 tenet
453 1907 639 1975 mantilia
662 1908 954 1988 Scaeuolarum,
987 1907 1064 1974 diam
1083 1906 1224 1990 forenses
1244 1908 1371 1975 ramulas

211 2020 348 2107 perm'pil
369 2020 473 2085 (lictor
495 2019 650 2087 instituis.

243 2135 423 2201 Scaevolae
446 2154 464 2199 e
485 2134 657 2201 Ciceronis
686 2134 780 2199 libris
804 2136 833 2199 ei
856 2139 956 2201 notos
978 2136 1084 2202 fuisse
1108 2134 1288 2219 suspiceris
1316 2134 1371 2217 (ci.

153 2248 171 2331 ἕ
194 2248 213 2311 5
238 2252 318 2312 sect.
341 2246 426 2311 XVII
447 2246 535 2311 Lael.
562 2248 607 2325 1);
631 2247 672 2310 ef.
695 2266 813 2329 paneg.
837 2248 881 2312 XI
902 2268 933 2331 p.
957 2248 1083 2326 auam.

154 2386 256 2464 11‚5:
289 2384 373 2449 lianc
394 2382 555 2449 celebravit
576 2404 669 2467 opum
690 2382 770 2467 felir
792 2382 1035 2450 Hortensius
1055 2384 1172 2465 animm,
1263 2434 1273 2458 .

366 2499 477 2561 contra
499 2494 688 2579 Arpinatem
709 2494 765 2577 qai
786 2494 872 2560 stetit
893 2494 1019 2578 alopecia.

239 2611 411 2675 Perimere
433 2614 545 2692 potest
567 2610 611 2674 ad
626 2609 799 2675 Ciceronis
822 2612 874 2674 vel
896 2631 958 2692 pro
975 2611 1130 2688 Quinctio
1154 2613 1205 2675 vel
1228 2611 1269 2676 de
1293 2613 1371 2694 imp.

155 2725 214 2790 Cn.
250 2721 400 2806 Pompeii
435 2721 490 2804 (cl.
518 2721 579 2804 §5
609 2725 691 2788 sect.
721 2723 819 2804 XVII)
852 2724 1041 2788 orationem
1075 2724 1125 2788 vel
1158 2725 1201 2789 ad
1234 2743 1281 2789 or.
1311 2725 1372 2788 lau

155 2836 279 2918 (Meyer
302 2837 385 2899 orat.
408 2834 505 2898 Rom.
530 2834 647 2914 fragm.
664 2831 677 2870 ²
697 2854 730 2916 p.
754 2835 838 2912 366).

154 2996 202 3040 or.
233 2974 316 3038 115:
492 2975 596 3036 tenero
627 2975 789 3036 secretam.
833 2969 940 3052 itaarm
975 2970 1143 3036 Crassus
1169 2972 1373 3054 percontanti

216 3083 290 3165 filio,
324 3082 401 3166 aaut
427 3082 528 3149 noctis
553 3082 669 3148 moveri
697 3088 801 3150 castra
828 3081 988 3148 iussisset:
1019 3082 1147 3163 vereris,
1179 3083 1298 3165 inanit,
1329 3104 1372 3150 ne

220 3201 291 3264 tuas
312 3217 407 3262 aures
427 3195 509 3278 sorte
529 3215 597 3262 non
613 3200 758 3280 penetret
779 3195 948 3260 amentatio
970 3194 1184 3262 lamnarum?

239 3310 349 3376 Isdem
372 3309 483 3374 verbis
506 3314 623 3375 narrat
647 3310 797 3375 Frontin
827 3313 962 3392 strateg.
990 3311 1005 3374 1
1029 3311 1114 3388 1,13:
1152 3308 1199 3372 M.
1220 3307 1373 3374 Licinias

156 3423 291 3490 Crassus
306 3418 519 3506 percontanti,
552 3439 613 3502 praa
638 3424 772 3503 tempore
798 3423 903 3486 castra
923 3424 1067 3486 mataras
1088 3425 1173 3500 esset,
1195 3420 1373 3504 respondit:

154 3533 280 3613 c’creris,
307 3553 350 3598 ne
376 3532 482 3598 trabam
503 3551 571 3624 pon
593 3529 769 3598 malitias?
813 3532 862 3598 Ex
884 3533 977 3599 Livio
1001 3534 1156 3600 haustum
1178 3533 1309 3600 videtur
1329 3536 1372 3601 ab

155 3654 295 3732 utroque
318 3647 508 3730 (per.106);
542 3645 671 3712 Bludau
694 3645 749 3728 (de
772 3646 921 3711 lontibus
947 3646 1110 3723 Frontina,
1140 3647 1222 3712 diss.
1243 3647 1373 3729 Regim.

155 3761 390 3842 Brunsbergae
408 3757 489 3823 1883
511 3779 544 3841 p.
560 3759 615 3842 94)
639 3778 679 3824 ex
701 3757 851 3824 Sallustii
875 3759 952 3822 hIst.
969 3758 1122 3823 Frontini
1144 3761 1373 3825 narrationem

156 3875 292 3940 fluxisse
309 3890 378 3936 non
399 3871 595 3946 censuisset,
620 3871 647 3935 si
671 3871 781 3935 locum
797 3868 989 3952 Symmachi
1005 3870 1171 3946 novisset;
1195 3891 1274 3936 nam
1298 3891 1373 3937 cum

156 4007 196 4050 en
220 4005 259 4050 eo
284 3988 506 4067 cognoscatur
535 4002 605 4047 ram
634 3981 668 4047 in
697 3981 785 4048 bello
811 4002 831 4046 a
855 3983 977 4048 Crasso
1001 4002 1069 4048 uua
1092 4002 1168 4048 cum
1188 3982 1255 4048 filio
1277 3987 1372 4066 gesto

155 4097 328 4174 accidisse,
365 4094 406 4160 de
428 4093 596 4172 Parthico,
630 4113 699 4159 non
728 4093 770 4158 de
797 4092 909 4158 servili
931 4094 1019 4161 bello
1042 4096 1094 4177 agi
1118 4099 1268 4178 apparet.
1313 4096 1374 4161 Ce-

154 4217 263 4278 terum
287 4208 375 4293 apud
397 4207 595 4274 Frontinum
616 4204 681 4286 filio
703 4206 869 4272 excidisse
892 4205 1032 4272 videtur.

155 4373 203 4417 or.
227 4351 239 4414 I
264 4349 317 4414 lii:
351 4345 443 4412 iactet
464 4366 496 4411 se
517 4344 654 4411 Panmis
676 4343 898 4428 Africanas
926 4342 1058 4423 uraniis,
1091 4341 1145 4408 sea
1171 4341 1230 4406 aiu
1255 4342 1294 4408 in
1323 4342 1374 4408 Si-

219 4458 292 4526 cilia
309 4457 463 4544 palliatas
484 4457 620 4536 erravit;
648 4455 880 4524 Mithridaticis
903 4455 1010 4541 spoliis
1032 4453 1229 4521 chcallas
1249 4454 1375 4536 militet,

246 4703 265 4774 ¹)
283 4703 363 4772 Apud
387 4701 567 4756 Plutarchum
591 4715 646 4754 non
674 4699 866 4767 interrogatur,
895 4699 947 4752 sub
970 4714 1025 4768 quo
1048 4697 1213 4766 Imperatore
1239 4696 1377 4764 monuerit,

156 4791 206 4845 aad
225 4794 249 4844 at
265 4783 354 4854 πάσας
372 4788 544 4858 ἐστράτευσαι
562 4788 613 4852 τὰς
632 4781 704 4842 κατὰ
723 4785 803 4855 νόμον
822 4791 968 4854 στρατείας.
