3459 5200
952 367 990 432 18

868 458 1069 466 .—-.———.

364 576 405 640 IV
428 576 515 655 34,3;
545 572 632 639 itane
653 596 702 641 uie
723 572 812 639 iudos
832 573 922 657 sacis,
944 579 983 641 ut
996 596 1075 657 quae
1088 577 1175 661 amad
1196 582 1225 642 te
1245 574 1441 643 incuriosius
1461 574 1578 658 maor,

430 686 569 770 tursum·
595 686 736 752 caudices
757 691 815 752 auct
842 686 928 752 tiliae
942 688 1118 773 mmidares
1138 709 1263 755 censeas
1285 686 1515 772 transferenda,
1537 707 1581 752 ne

426 798 531 881 sociis
552 804 694 865 senectia
703 798 822 883 papyri
836 798 956 883 scripta
970 800 1172 884 corrumpat?
1204 806 1234 867 ct
1249 801 1488 867 Marciorum
1507 798 1578 882 aui·

426 911 495 975 dem
522 916 630 977 uatum
657 910 812 977 dimicatio
839 911 968 985 mdrmis,
986 912 1150 979 mrtrcibus
1170 912 1329 979 inccdcata
1349 918 1404 993 cst,
1438 911 1580 978 monitus

428 1022 586 1089 dommo
607 1023 706 1089 lintea
727 1028 812 1091 tecta
833 1029 1053 1109 asumpserunt:
1081 1030 1117 1091 tu
1138 1025 1234 1091 etiam
1247 1025 1355 1091 scricis
1368 1023 1581 1091 uoluminibus

425 1135 633 1201 Achaemenio
654 1156 738 1201 more
759 1133 895 1219 inficrcdi
916 1137 1037 1204 litteras
1058 1159 1141 1205 meas
1157 1138 1325 1223 praecipis.

446 1252 495 1315 De
517 1252 649 1316 Marciis
680 1250 721 1315 cl.
744 1250 812 1317 Cic.
836 1251 878 1316 de
900 1252 966 1317 dlv,
987 1253 1001 1317 I
1023 1254 1075 1317 89.
1100 1255 1160 1319 115
1187 1254 1215 1319 11
1240 1254 1299 1317 113
1333 1252 1388 1336 (el.
1411 1254 1431 1333 ἕ
1454 1254 1474 1317 5
1497 1255 1578 1317 sest.

361 1361 467 1442 XVII),
493 1363 533 1429 de
556 1364 681 1446 Sibylla
704 1364 799 1446 Verg.
822 1364 862 1429 A.
884 1364 1112 1430 1114441719
1136 1386 1208 1449 sqq.
1232 1366 1380 1431 et'Serv.
1404 1364 1447 1429 ad
1469 1364 1511 1428 VI
1526 1364 1578 1429 72.

361 1476 411 1539 De
432 1476 611 1569 corticibus
627 1476 806 1558 linteisque
830 1477 930 1540 textis
947 1496 1032 1558 quae
1054 1482 1178 1555 narrat,
1201 1479 1258 1543 ubi
1274 1478 1439 1542 invenerIt
1453 1477 1579 1542 neseio.

361 1588 497 1652 Linteos
521 1589 776 1670 magistratuum
805 1588 909 1653 libros
932 1593 1173 1655 commemorat
1194 1591 1306 1654 Livius
1329 1590 1371 1653 IV
1393 1590 1424 1653 7.
1446 1590 1497 1653 10.
1521 1589 1579 1665 13ς

252 1710 254 1714 ’
362 1700 403 1764 de
432 1701 503 1765 tilia
531 1702 678 1784 loquItur
699 1701 812 1784 Dictys
843 1701 878 1764 in
906 1702 1006 1782 prol:
1042 1699 1144 1784 iyitur
1171 1700 1208 1765 de
1230 1705 1291 1765 toto
1312 1700 1384 1766 tem
1406 1699 1507 1765 decan
1527 1721 1579 1763 vo-

360 1809 485 1876 lumina
506 1811 544 1876 in
566 1810 652 1877 titius
666 1810 793 1897 diyessit
802 1810 982 1895 phoeniceis
1002 1810 1133 1891 litteris·
1156 1814 1197 1877 de
1220 1813 1336 1879 sericis
1352 1813 1578 1879 voluminibus

361 1924 594 1991 Gardthausen
628 1926 751 2009 griech.
775 1926 946 2007 Palaeogr.
969 1927 1026 1989 51:
1061 1926 1219 2006 „seldene
1241 1927 1413 1991 volumina
1440 1926 1577 1990 werden

361 2056 425 2102 nur
447 2039 537 2103 belm
560 2039 779 2123 Symmachus
803 2037 986 2103 erwahnt“.
1312 2118 1315 2122 ‚

361 2170 418 2233 rel.
442 2169 509 2247 9,6:
542 2188 600 2233 uec
625 2167 745 2253 proctetis
771 2165 950 2232 ultumum
970 2165 1155 2249 salutatem
1177 2165 1262 2251 picti
1284 2166 1423 2233 Martiae
1444 2186 1581 2251 parumn

424 2279 534 2360 aaut,
558 2280 610 2345 cui
632 2279 841 2346 delenimenta
863 2277 1052 2345 circensium
1069 2278 1284 2361 finitimorum
1298 2278 1467 2346 aunuum
1483 2299 1578 2363 prae·

424 2391 585 2457 stiterunt.

446 2506 493 2570 Cf.
516 2507 584 2571 Liv.
607 2506 620 2569 1
643 2508 662 2569 9
685 2505 740 2588 (ct.
763 2506 782 2589 ς
804 2506 824 2569 5
848 2509 928 2570 sect.
951 2504 1048 2590 XIX).

360 2636 418 2700 cel.
437 2636 504 2714 15,1
516 2658 523 2700 :
542 2630 593 2699 'alr
608 2639 721 2698 sumtu
730 2655 833 2718 paene
846 2634 936 2699 urlns
952 2634 1092 2700 Martiae
1112 2638 1335 2700 strenarum
1356 2655 1435 2698 remos
1447 2633 1581 2699 adoleuit

423 2750 549 2811 aticctore
569 2745 661 2812 Tatio
682 2767 762 2832 reae,
784 2746 839 2829 qui
861 2747 1010 2817 verbenas
1029 2745 1130 2830 felium
1148 2746 1270 2813 arboris
1290 2767 1329 2810 ea
1349 2745 1418 2811 luco
1433 2745 1581 2812 Streniae

422 2857 505 2924 anni
526 2857 602 2923 nom
623 2857 764 2942 aaspues
780 2848 1056 2942 primus'accepit.
1169 2859 1172 2864 ’

445 2973 535 3037 Fons
563 2974 727 3050 incertus3
760 2973 961 3038 vocabulum
988 2973 1116 3039 Nouius
1145 2992 1177 3055 p.
1204 2974 1242 3038 16
1269 2974 1311 3040 Μ.
1335 2993 1355 3039 u
1381 2971 1579 3052 strenuitate,

359 3085 478 3149 Festus
501 3105 533 3167 p.
556 3083 617 3149 313
640 3086 681 3150 Μ.
705 3083 908 3164 strauit:
931 3082 1026 3170 trini)
1050 3085 1210 3151 deriyaut.

359 3223 498 3302 113a3:
531 3221 587 3304 qui
613 3221 805 3288 adverterem
831 3241 933 3303 neam
960 3220 1117 3287 ltonestati
1143 3220 1307 3306 mryc'rrrcm
1334 3219 1411 3287 tatia
1435 3220 1474 3285 in
1495 3220 1580 3286 uiros

425 3335 568 3418 obseqma
590 3333 757 3400 conuenire
778 3355 986 3416 marcomere
1004 3333 1087 3416 fieri,
1109 3334 1191 3416 arcad
1205 3332 1336 3400 Numa
1355 3337 1475 3414 auctor,
1500 3333 1577 3397 Me·

425 3447 541 3512 tellus
563 3451 759 3512 consuantur
774 3446 964 3531 reliyiorncm
983 3465 1149 3528 omnmqrce
1158 3444 1323 3528 pontifices
1337 3443 1471 3511 maximi
1484 3466 1578 3510 uum-

423 3577 517 3642 qumn
538 3563 614 3624 ante
635 3563 831 3624 mortuorunt.

445 3673 528 3738 Eum
559 3674 669 3762 dicere
698 3672 829 3736 videtur
858 3673 1041 3751 Metellum,
1076 3673 1117 3735 de
1152 3691 1217 3754 quo
1240 3672 1392 3736 Valerius
1414 3672 1578 3739 auxanus

359 3788 505 3869 quuitur
528 3787 539 3849 I
566 3788 613 3864 ld
638 3785 706 3850 VIII
730 3785 801 3863 132
825 3784 856 3868 (ᾖ
880 3786 899 3848 5
924 3788 1004 3848 sect.
1026 3783 1110 3865 XX).

360 3923 401 3988 III
424 3925 510 4003 11‚3:
555 3943 647 3988 arum
667 3943 688 3987 a
710 3919 918 4000 Saucrcitilrus
952 3919 1097 4004 taumatia
1122 3919 1160 3986 ah
1187 3919 1309 4000 Pascis,
1342 3919 1421 4004 loyes
1449 3919 1487 3986 de
1512 3918 1579 3985 lare

424 4034 568 4120 Lymcryi
590 4039 619 4098 et
642 4032 765 4100 Solonis
785 4053 1030 4117 sumpseramus.

444 4149 493 4214 CI.
524 4149 603 4212 Sall.
633 4148 702 4213 Cat.
732 4148 826 4225 5138
860 4147 927 4211 Cle.
957 4148 1000 4210 de
1027 4146 1109 4228 legg.
1143 4146 1244 4210 1159.
1268 4147 1311 4221 64
1342 4145 1411 4210 Liv.
1442 4146 1480 4210 111
1503 4146 1577 4223 31,8

359 4261 389 4344 (ss
411 4262 431 4326 5
455 4264 534 4324 sect.
559 4260 666 4324 XVIII.
689 4259 784 4341 XIX).

358 4401 415 4464 rel.
439 4399 505 4476 431
538 4396 784 4462 inritamentum
805 4394 967 4479 minumae
982 4394 1085 4460 Roma
1105 4399 1209 4460 uestra
1229 4415 1297 4459 uon
1313 4394 1442 4478 palitm
1461 4413 1580 4458 memor

422 4508 537 4576 scilicet
558 4509 709 4574 bonorram
725 4512 909 4592 parentum,
932 4527 1008 4589 arcos
1028 4507 1280 4590 Tarquinius
1300 4503 1405 4588 fastus
1426 4511 1456 4571 et
1476 4505 1580 4590 ipsius

425 4621 582 4686 Camilli
604 4643 720 4686 crcrrus
741 4619 882 4702 offertdit.
916 4640 994 4683 nam
1009 4623 1097 4684 tanto
1112 4618 1160 4682 illi
1175 4618 1243 4683 uiro
1257 4617 1392 4684 aueum
1405 4616 1581 4702 armarique

422 4733 552 4798 emiliam
575 4733 663 4798 triste
680 4738 882 4817 auruum.
915 4738 949 4796 al
972 4737 1082 4796 rorctra
1104 4730 1330 4796 Publicolae
1351 4731 1444 4794 <cum
1467 4729 1579 4794 tribuit
