3459 5200
689 495 731 561 21

113 691 140 756 ei
162 691 386 774 largiebantur,
411 711 475 775 qua
498 697 606 758 tamen
630 712 694 757 non
718 711 816 758 caeca
841 690 1021 777 cupiditate
1044 711 1122 757 usus
1146 697 1206 775 est,
1228 689 1325 754 immo

112 799 247 864 Senecae
283 797 463 864 doctrinam
499 798 582 864 adeo
616 799 744 885 penitus
777 799 932 865 hauserat
963 799 1197 882 veritatemque
1229 797 1326 861 intro·

111 911 262 990 spexerat,
289 911 324 970 ut
351 905 490 977 optimus
517 906 663 973 Senecae
685 907 843 991 interpres
872 906 992 973 existat
1018 905 1163 972 Tacitus.
1209 905 1319 970 Paene

110 1011 211 1077 omnia
234 1019 342 1078 autem
365 1012 460 1080 huius
484 1013 622 1097 generis,
647 1035 731 1098 quae
763 1015 795 1079 in
828 1014 980 1099 oporibus
1013 1013 1081 1080 eius
1111 1011 1324 1092 inveniantur,

109 1119 249 1184 Tacitum
273 1141 294 1184 a
327 1120 450 1187 Seneca
483 1120 652 1199 didicisse,
682 1122 743 1187 etsi
772 1120 929 1207 exemplis
957 1119 1087 1205 probari
1116 1140 1179 1184 non
1208 1124 1324 1204 potest,

108 1227 253 1310 quoniam
277 1247 397 1310 magna
428 1247 505 1312 pars
538 1228 691 1293 librorum
719 1228 863 1294 Senecae
897 1226 940 1292 ad
964 1225 1205 1312 philosophiam
1228 1225 1326 1312 perti-

107 1334 242 1400 nentium
266 1355 330 1400 non
353 1334 396 1401 ad
420 1341 561 1402 nostram
586 1336 732 1421 pervenit
755 1342 910 1420 aetatem,
939 1342 1047 1400 tamen
1069 1355 1128 1420 pro
1153 1341 1239 1401 certo
1264 1333 1326 1400 erit

107 1441 304 1508 sumendum:
328 1441 498 1508 admireris
522 1449 644 1508 tantum
668 1443 743 1508 licet
766 1442 950 1527 interpretis
973 1449 1083 1527 artem,
1098 1463 1162 1526 qua
1178 1441 1324 1507 Senecae

106 1547 338 1632 philosophiam
361 1549 394 1614 in
417 1547 583 1616 historiam
607 1549 782 1616 transtulit.
810 1551 880 1614 lam
904 1569 952 1635 ea,
975 1569 1060 1633 qaae
1083 1547 1233 1634 diximus,
1252 1569 1325 1613 eon-

107 1656 261 1722 tirmemus
285 1657 451 1742 exemplis,
475 1677 567 1742 quae,
591 1677 654 1741 quo
670 1658 775 1742 magis
790 1657 854 1723 sint
869 1657 1050 1742 perspicua,
1070 1657 1103 1721 in
1117 1656 1180 1721 tria
1194 1675 1215 1719 a
1229 1654 1323 1720 nohis

106 1762 288 1846 digerentur
312 1785 440 1847 genera.

692 1915 736 1989 A.

229 2051 335 2115 Rerum
360 2049 510 2116 enarratio
533 2067 553 2114 a
575 2049 680 2116 Tacito
704 2049 871 2115 lunaeania
894 2049 1015 2132 depicta
1038 2047 1195 2114 coloritus.

189 2193 225 2256 Τ.
249 2193 327 2274 Agr.
354 2195 403 2259 16.
429 2193 484 2258 19:
510 2190 673 2258 discordia
700 2193 895 2275 laboratum,
924 2211 996 2256 cum
1020 2189 1176 2257 adsuetus
1204 2191 1324 2274 capedi-

106 2301 230 2364 tionibus
252 2303 341 2364 milas
364 2303 424 2364 otio
448 2302 607 2364 lasciviret.

189 2407 220 2472 S.
243 2407 305 2491 Ep.
330 2408 381 2472 56.
406 2409 440 2484 93
465 2407 575 2490 Magni
599 2406 819 2492 imperatores,
845 2427 915 2472 cum
944 2406 1028 2472 male
1057 2424 1172 2490 parere
1200 2407 1325 2470 militem

105 2511 217 2599 rident,
241 2513 353 2598 aliquo
376 2513 487 2578 labore
511 2520 708 2599 conpescunt
731 2520 763 2578 et
786 2516 1026 2599 expeditionibus
1049 2513 1208 2578 detinent:
1236 2532 1324 2576 num-

105 2640 195 2701 quam
228 2628 327 2687 vacat
355 2624 494 2686 lasciuire
526 2621 683 2687 districtis
715 2620 859 2705 nihilque
892 2628 958 2686 tam
991 2628 1113 2687 certum
1145 2626 1196 2687 est
1227 2640 1324 2703 quam

104 2730 154 2791 otii
174 2728 254 2795 vitia
279 2728 410 2812 negotio
435 2727 592 2809 discuti.¹)

187 2962 225 3027 T.
258 2960 366 3044 agric.
396 2962 448 3025 42.
472 2964 507 3026 3:
541 2979 710 3025 accessere
742 2958 872 3041 quidam
907 2958 1137 3042 cogitationum
1168 2960 1324 3046 principis

103 3067 202 3151 periti,
226 3066 282 3152 qui
306 3068 450 3133 iturusne
481 3073 568 3133 esset
599 3066 632 3130 in
664 3066 862 3151 provinciam
894 3066 978 3131 ultro
1011 3066 1195 3149 Agricolam
1227 3066 1323 3131 inter·

102 3183 260 3256 rogarent.
300 3195 338 3240 ac
374 3174 476 3260 primo
510 3174 667 3239 occultius
699 3173 840 3257 quietem
873 3179 906 3239 ct
938 3174 1037 3238 otium
1068 3172 1216 3258 laudare,
1248 3195 1324 3238 mox

103 3300 230 3365 operam
255 3282 403 3347 suumin
433 3280 645 3366 adprobanda
674 3281 882 3347 excusatione
910 3280 1040 3360 offerre,
1069 3287 1233 3365 postremo
1262 3302 1325 3346 non

104 3386 164 3453 ianr
193 3390 321 3456 obscuri
350 3388 524 3455 suadentes
553 3388 648 3455 simul
676 3395 897 3471 terrentesque
927 3394 1115 3473 pertraxere
1143 3387 1187 3451 ad
1214 3388 1324 3452 Domi·

102 3496 230 3562 tionum.
256 3496 310 3581 qui
338 3504 473 3583 paratus
501 3496 722 3575 simulatione,
751 3496 783 3560 in
811 3499 1024 3578 odropoatium
1052 3494 1262 3581 compositus,
1292 3501 1325 3561 et

103 3602 203 3669 audiit
225 3624 341 3690 preces
365 3606 551 3671 excusantis
575 3610 615 3687 et,
632 3624 703 3668 cnm
727 3602 903 3687 adnuisset,
921 3606 972 3685 opi
994 3604 1052 3666 sihi
1073 3606 1192 3689 pretias
1209 3625 1324 3687 pusaeo

103 3720 153 3791 est,
176 3732 237 3777 nec
261 3710 388 3777 eruhuit
411 3714 545 3795 beneficii
567 3712 692 3777 iauidio.

189 3837 222 3902 S.
248 3836 290 3901 de
313 3836 417 3903 benef.
441 3836 486 3901 IV
502 3838 551 3902 17.
567 3840 586 3901 2
602 3856 666 3919 sq:
682 3834 763 3912 Quis
787 3842 844 3918 est,
869 3833 924 3917 qui
947 3855 1011 3899 non
1035 3833 1197 3901 beneficas
1221 3833 1324 3900 videri

102 3944 186 4021 velit,
217 3944 273 4029 qui
300 3964 364 4009 non
388 3942 471 4009 inter
499 3942 623 4009 scelera
652 3950 684 4007 et
712 3941 846 4007 iniurias
875 3940 1059 4027 opinionem
1085 3940 1239 4008 honitatis
1267 3942 1323 4006 ad·

103 4048 204 4135 leotet,
229 4052 283 4136 qui
306 4072 370 4116 non
394 4050 484 4137 ipsis,
509 4070 593 4134 quae
617 4048 877 4134 inpotentissimc
901 4048 985 4133 lecit,
1010 4048 1152 4134 speciem
1177 4048 1322 4132 aliquam

103 4156 212 4223 induat
236 4159 314 4223 recti
338 4158 480 4242 velitque
509 4157 606 4224 etiam
636 4156 677 4223 iis
708 4156 811 4221 rideri
844 4156 1035 4221 beneficium
1067 4154 1208 4234 dedisse,
1243 4177 1323 4239 quos

102 4264 217 4330 laesit?
244 4266 370 4331 Grotius
398 4266 508 4348 itaque
535 4268 588 4352 opi
614 4266 672 4329 sihi
699 4264 739 4328 ab
773 4262 823 4347 iis,
856 4284 936 4347 (quos
969 4260 1134 4341 adflixere,
1161 4266 1324 4347 potiuntur

105 4370 268 4457 bonosque
292 4394 327 4439 sc
357 4394 396 4438 ac
424 4372 575 4437 liberales
604 4370 736 4455 lingunt,
769 4370 846 4453 qnia
878 4378 1046 4455 praestare
1078 4390 1141 4433 non
1173 4376 1322 4453 possunt3

106 4479 189 4561 quod
212 4502 276 4545 non
300 4480 452 4566 lacerent,
476 4479 538 4545 nisi
562 4477 635 4545 illos
659 4476 786 4544 honesti
815 4486 847 4544 et
874 4498 933 4563 per
961 4498 998 4543 se
1030 4474 1202 4561 expetendi
1234 4496 1324 4542 amor

175 4693 199 4763 ¹)
218 4694 299 4750 Haud
317 4696 371 4751 scio
394 4714 431 4751 an
454 4696 522 4751 haec
545 4692 697 4749 similitudo
716 4692 825 4748 recedat
848 4690 883 4747 ad
905 4688 1069 4746 Sallustium
1091 4689 1236 4760 utriusqus
1259 4710 1323 4748 auc-

103 4784 196 4838 iorem.
