3459 5200
981 409 1022 473 14

477 602 508 667 S.
533 602 592 687 Ep.
620 605 690 668 101.
718 604 771 668 13:
802 600 904 687 Optat
926 604 1039 668 ultima
1066 604 1223 669 malorum
1252 612 1297 687 et,
1330 624 1414 687 quae
1443 605 1514 690 pati
1542 625 1608 688 gra-

387 708 553 774 vissimum
576 717 634 792 est,
659 708 790 774 extendi
814 730 853 774 ac
877 710 1029 776 sustineri
1052 712 1154 795 cupit:
1189 730 1254 792 qua
1284 710 1456 777 mercede?
1489 711 1609 777 scilicet

386 819 464 880 mtuc
497 817 651 898 louqioric.
685 815 763 898 quid
795 824 904 883 autem
932 817 1027 883 huius
1049 817 1159 883 vivere
1183 825 1251 883 est?
1284 818 1340 882 diu
1370 819 1530 885 mori.
1558 823 1607 887 lu:

387 922 589 988 Excutienda
612 926 691 987 citae
714 927 823 1007 rapido
847 931 898 990 est
921 923 1175 1008 discendumque
1195 923 1274 989 nibil
1294 925 1460 1010 interesse,
1484 926 1608 1010 quaudo

387 1029 537 1114 patiaris,
570 1029 656 1113 quod
688 1030 883 1114 quandoque
915 1031 1103 1116 patiendum
1136 1040 1195 1099 est.
1227 1032 1288 1118 Ep.
1310 1035 1363 1099 58.
1389 1035 1447 1099 32:
1480 1030 1522 1098 de
1551 1034 1608 1098 isto

388 1135 526 1203 feremus
559 1137 765 1222 sententiam,
806 1158 848 1202 an
884 1145 1033 1222 oporteat
1071 1138 1218 1206 fastidire
1258 1140 1433 1206 senectutis
1471 1146 1610 1205 extrema

388 1251 420 1309 et
454 1242 549 1309 finem
583 1264 647 1308 non
681 1245 830 1330 opperiri,
859 1244 918 1311 sed
946 1266 1042 1336 manu
1071 1246 1187 1311 facere.
1212 1267 1313 1332 prope
1346 1253 1443 1313 esta
1470 1247 1608 1332 timente,

388 1351 442 1434 qui
466 1349 566 1416 fatum
587 1355 688 1433 sopato
703 1359 881 1436 exspectat
898 1405 905 1418 .
921 1405 927 1418 .
943 1406 949 1419 .
968 1355 1024 1418 34:
1049 1359 1084 1418 at
1107 1353 1135 1419 si
1159 1353 1272 1419 inutile
1295 1353 1482 1420 ministeriis
1497 1375 1609 1439 corpus

387 1465 445 1542 est,
469 1457 580 1540 quidni
604 1465 752 1543 oporteat
776 1459 914 1526 educere
932 1459 1073 1525 animum
1091 1460 1314 1528 laborantem?
1408 1481 1532 1546 paucos
1546 1461 1609 1526 lou-

387 1565 523 1648 gissima
546 1573 695 1632 senectus
724 1565 767 1630 ad
800 1573 934 1632 mortem
963 1567 1032 1633 sine
1059 1567 1178 1633 iniuria
1210 1569 1356 1653 pertulit,
1389 1569 1498 1635 multis
1527 1570 1610 1634 iners

281 1704 284 1708 ·
385 1673 454 1737 vita
478 1673 547 1738 sine
570 1693 631 1738 usu
656 1673 706 1738 sui
730 1673 838 1742 iacuit.
863 1674 923 1758 Ep.
939 1678 970 1741 4.
986 1679 1022 1742 5:
1048 1675 1118 1740 Hoc
1133 1674 1252 1741 cotidie
1267 1676 1432 1761 meditare,
1452 1683 1488 1740 ut
1505 1675 1610 1760 possis

387 1799 491 1863 aequo
515 1779 621 1844 animo
645 1781 746 1844 vitam
769 1781 963 1867 relinquere,
995 1802 1092 1865 quam
1121 1781 1211 1847 multi
1243 1782 1290 1848 sic
1313 1783 1558 1868 conplectuntur
1581 1790 1611 1847 et
1719 1840 1720 1845 ,

386 1893 503 1972 tenent,
527 1885 687 1970 quomodo
711 1887 765 1971 qui
790 1908 877 1970 aqua
905 1896 1046 1955 torrente
1073 1890 1255 1974 rapiuntur,
1288 1891 1401 1975 spinas
1429 1896 1462 1955 et
1484 1909 1610 1974 aspera.
1719 1932 1720 1935 κ

266 2061 267 2065 ,
386 1994 428 2058 de
451 2013 540 2078 prov.
565 1993 611 2056 Vl
636 1996 737 2076 7-93
771 1994 812 2059 de
839 1995 888 2060 ira
915 1995 1038 2063 11115.
1064 1998 1099 2078 43
1133 1995 1173 2060 de
1207 2004 1310 2080 tranq.
1333 2016 1384 2062 an.
1407 1996 1485 2061 XVI
1511 1999 1610 2080 1-3;
1719 1982 1720 2053 Ῠ

386 2099 446 2184 Ep.
473 2104 598 2184 12.10;
627 2103 729 2183 17.9;
758 2102 882 2184 tib-223
912 2105 1014 2184 70.5;
1044 2105 1100 2185 773
1133 2105 1186 2170 98.
1204 2105 1259 2185 163
1292 2105 1438 2185 117.21;
1470 2105 1610 2171 120.14.
1719 2136 1720 2141 ¹

477 2277 710 2344 Gravissimum
749 2279 837 2343 illam
871 2299 1002 2345 movens
1035 2281 1271 2366 quaestionem,
1311 2287 1415 2345 utrum
1447 2281 1529 2345 fato
1567 2301 1611 2345 an

387 2384 514 2449 libera
537 2384 725 2450 hominum
749 2385 949 2451 voluntate
971 2406 1033 2452 res
1054 2394 1250 2470 gerantur,
1270 2407 1464 2470 quamquam
1479 2389 1612 2453 Tacitus

388 2491 522 2576 dubitat,
538 2492 599 2556 utri
623 2491 766 2578 opinioni
785 2491 931 2569 accedat,
950 2498 1058 2558 tamen
1078 2494 1117 2578 ei,
1141 2495 1196 2577 qui
1210 2501 1310 2559 totam
1327 2494 1515 2579 doctrinam,
1529 2515 1612 2578 quac

387 2598 420 2663 in
444 2599 601 2664 Tacitinis
628 2599 720 2665 libris
749 2599 846 2683 inest,
878 2606 965 2665 recte
998 2601 1264 2680 consideraverit,
1293 2602 1425 2667 dubium
1451 2622 1515 2668 uon
1544 2604 1611 2679 erit

387 2706 464 2788 quin
487 2726 522 2771 re
545 2726 623 2772 vera
646 2706 827 2779 libertatem
851 2707 1013 2771 humanae
1036 2708 1211 2773 voluntatis
1237 2709 1438 2795 profiteatur.
1489 2709 1610 2776 Eodem

387 2810 492 2897 modo,
516 2812 590 2877 duur
611 2813 804 2899 considerat,
827 2821 932 2878 utrum
952 2814 1032 2880 fato
1057 2821 1093 2880 et
1117 2817 1357 2882 necessitate
1380 2817 1612 2882 immutabili

386 2940 433 2984 an
465 2920 566 2985 forte
597 2920 785 2986 hominum
818 2940 879 2987 res
912 2929 1111 3006 regantur,
1144 2942 1236 2987 suum
1264 2924 1296 2988 in
1324 2923 1430 2989 medio
1464 2925 1614 3009 relinquit

386 3027 539 3092 iudicium
563 3035 596 3093 et
619 3029 779 3114 oppositis
801 3028 1034 3114 Epicureorum
1053 3039 1085 3094 et
1099 3030 1277 3096 Stoicorum
1301 3031 1506 3115 opinionibus
1529 3033 1613 3097 inter

386 3154 421 3199 se
453 3135 624 3201 contrariis
661 3155 859 3201 communem
892 3135 1054 3201 hominum
1087 3136 1283 3221 opinionem,
1316 3139 1371 3220 qui
1402 3139 1612 3204 nascentibus
1719 3147 1720 3158 ¹

386 3241 494 3306 futura
518 3240 701 3306 denuntiari
725 3242 865 3325 credunt,
890 3242 937 3306 ita
964 3241 1071 3325 addit,
1104 3250 1139 3307 nt
1167 3264 1259 3308 suam
1286 3244 1391 3329 ipsius
1419 3245 1612 3310 seutentiam

386 3355 498 3434 aperte
521 3349 715 3433 pronuntiet.
760 3348 868 3415 Taciti
892 3355 1001 3415 autem
1024 3351 1185 3415 sententia
1213 3371 1285 3416 cum
1315 3352 1495 3418 Annaeana
1528 3374 1612 3418 com·
1719 3379 1720 3436 3

386 3463 502 3541 parata
533 3456 580 3521 ita
612 3456 655 3520 ad
688 3456 778 3522 illam
811 3456 952 3541 accedit,
983 3463 1017 3520 ut
1049 3456 1198 3522 Tacitum
1229 3458 1412 3542 opinionem
1446 3479 1539 3525 suam
1568 3460 1613 3524 ad
1719 3465 1720 3490 l

386 3565 598 3629 Annaeanam
620 3584 753 3649 prorsus
777 3562 1041 3630 accommodasse
1065 3583 1123 3649 pro
1146 3572 1233 3629 certo
1258 3565 1308 3631 sit.

474 3671 511 3736 Τ.
534 3672 616 3737 Anu.
640 3670 682 3734 IV
709 3673 761 3739 20.
788 3674 842 3736 12:
866 3670 952 3735 unde
975 3669 1125 3737 dubitare
1148 3691 1259 3755 cogor,
1285 3677 1357 3756 soto
1386 3682 1414 3738 ct
1437 3683 1520 3740 corle
1542 3697 1613 3740 aas·
1719 3699 1720 3720 ÷

385 3780 481 3859 ceredi,
505 3787 541 3842 ut
564 3784 679 3863 cetera,
704 3778 750 3865 ita
773 3777 954 3863 principum
977 3778 1144 3843 inclinatio
1168 3778 1201 3843 iu
1224 3778 1293 3863 bos,
1316 3779 1453 3845 offensio
1474 3781 1508 3845 in
1527 3781 1612 3858 illoc,

385 3908 427 3951 oo
450 3889 490 3951 stt
512 3888 628 3969 aliquid
650 3889 683 3949 a'o
705 3888 820 3950 nostrae
849 3888 984 3950 corrodite
1011 3886 1173 3969 liceatque
1197 3887 1280 3952 inter
1303 3888 1474 3972 abruptam
1503 3895 1614 3954 contu·
1719 3911 1720 3956 1

385 3992 524 4057 maclam
557 3999 590 4057 et
622 3991 765 4058 deforme
795 3992 982 4077 obsequium
1012 4012 1148 4076 pergere
1178 3994 1240 4059 iter
1268 3994 1443 4060 ambitione
1466 4015 1507 4060 ac
1529 3995 1615 4081 peri-

385 4099 466 4164 culis
488 4119 636 4168 vacuum.

475 4206 507 4271 S.
533 4214 598 4273 nat.
624 4214 749 4291 quaest.
773 4206 805 4271 ll
829 4210 882 4273 38.
907 4210 942 4271 3:
975 4207 1043 4273 Ista
1067 4207 1160 4272 nobis
1184 4208 1303 4293 opponi
1332 4207 1449 4294 solent,
1482 4215 1517 4273 ut
1540 4227 1615 4294 pro·

386 4315 478 4380 betur
508 4318 553 4379 cll
583 4317 731 4380 uoluptati
762 4322 886 4379 nostroe
916 4317 1055 4380 relictam
1087 4322 1120 4380 et
1151 4334 1245 4381 omne
1273 4317 1324 4381 ius
1344 4322 1417 4401 soto
1446 4314 1614 4381 traditum.
1719 4393 1720 4420 ,

387 4442 460 4487 cum
484 4422 525 4487 de
548 4423 613 4489 ista
637 4442 672 4487 re
696 4419 853 4508 agetur1),
878 4420 993 4506 dicam,
1018 4420 1288 4504 quemadmodum
1304 4432 1445 4488 monente
1462 4428 1534 4507 foto
1557 4425 1615 4487 oli-

479 4597 497 4665 ¹)
516 4598 652 4663 Quoniam
670 4598 804 4669 expositio
823 4598 905 4654 huius
922 4601 963 4655 rei
977 4599 1051 4669 apud
1065 4600 1196 4655 Senecam
1210 4600 1240 4654 in
1254 4600 1331 4655 libris
1343 4601 1517 4656 naturalium
1528 4616 1616 4670 quae·

385 4690 506 4743 stionum
525 4706 578 4741 non
598 4689 745 4753 invenitur,
765 4688 868 4743 conieci
891 4690 1072 4759 compositum
1100 4708 1157 4743 esse
1185 4708 1202 4744 a
1224 4690 1327 4745 Seneca
1349 4691 1451 4744 librum
1475 4708 1550 4745 nunc
1567 4690 1616 4743 de·
