3459 5200
791 384 834 447 23

285 578 399 662 Neque
423 577 636 661 fragmentum
660 577 722 643 ino.
749 580 813 645 114
840 576 872 650 ἐξ
896 576 1074 665 ἀμφοτέροιν
1095 587 1156 642 τοῖν
1180 588 1278 665 μεροῖν
1302 576 1427 642 indubi-

196 691 299 750 tatum
326 686 515 768 relinquam.
562 684 646 750 Nam
675 704 746 749 cum
775 683 884 772 ἀμφοῖν
912 694 973 751 τοῖν
1007 694 1106 770 μεροῖν
1128 685 1234 749 locum
1261 682 1428 751 sollemnii

196 790 353 858 formulae
390 790 477 877 apud
510 789 680 875 Polybium
714 798 824 857 teneat
854 810 961 874 neque
994 790 1102 856 dualis
1130 790 1235 855 forma
1263 791 1327 856 nisi
1354 791 1427 856 sub·

197 898 409 964 stantivorum
433 899 644 983 -exceptis
673 897 782 986 ἀμφοῖν
811 908 844 964 ct
871 900 946 963 δυεῖν
972 935 1010 945 -
1036 897 1228 982 inveniatur,
1261 897 1426 962 minimam

196 1003 295 1070 babet
325 1006 394 1070 veri
428 1006 570 1090 speciem
603 1003 734 1070 dualem
765 1004 916 1070 vocabuli
949 1003 1119 1093 ἀμφότερος
1151 1026 1172 1068 a
1200 1004 1337 1089 Polybio
1370 1003 1427 1069 ad·

195 1111 331 1177 bibitum
355 1130 440 1190 esse,
464 1112 657 1197 praesertim
680 1130 751 1177 cum
775 1112 840 1176 iam
864 1109 953 1196 opud
972 1111 1143 1177 Platonem
1165 1111 1352 1177 rarissimus
1376 1112 1427 1196 sit,

196 1217 285 1304 apud
313 1216 522 1285 Aristotelem
551 1216 664 1294 semel,
694 1216 783 1303 apud
811 1217 1072 1303 Theophrastum
1101 1236 1263 1301 nunquam
1287 1216 1426 1300 legatur.

195 1324 311 1408 Itaque
340 1324 373 1389 in
401 1323 463 1391 hoc
495 1324 676 1406 fragmento
712 1325 862 1409 perbrevi
896 1322 984 1409 apud
1017 1323 1153 1388 Suidam
1190 1326 1229 1405 (s.
1257 1343 1289 1390 v.
1318 1321 1428 1410 Μὺοψ]

195 1430 362 1514 Πολὺβιος·
399 1429 416 1495 5
454 1433 485 1496 δὲ
516 1432 661 1515 προσθεὶς
692 1432 763 1503 τοὺς
794 1428 932 1503 Μοοοοας
963 1430 995 1503 ἐξ
1028 1430 1206 1518 ἀμφοτέροιν
1236 1440 1295 1497 τοῖν
1327 1440 1428 1517 μεροῖν

196 1537 309 1625 ἤλαυνε
335 1542 416 1603 κατὰ
444 1540 571 1624 κράτος)
604 1544 732 1603 servato
761 1536 941 1625 ἀμφοτέροιν
969 1537 1146 1603 tribuemus
1174 1537 1203 1603 si
1229 1538 1336 1604 minus
1362 1537 1428 1622 ipsi

198 1644 334 1729 Snidae,
363 1650 449 1711 certe
479 1645 548 1710 eius
576 1644 657 1709 fonti
685 1651 717 1709 et
744 1643 915 1729 Polybium
945 1642 998 1709 hio
1025 1663 1153 1727 quoque
1175 1644 1207 1716 ti
1231 1644 1343 1730 ἀμφοῖν
1365 1654 1428 1708 τοῖν

196 1762 298 1838 μεροῖν
323 1752 495 1836 scripsisse
519 1751 725 1818 coniciemus.

286 1859 336 1923 De
368 1858 495 1924 articuli
526 1868 594 1924 ταῖν
626 1856 730 1923 forma
761 1876 869 1944 pauca
897 1864 980 1940 sunt,
1014 1877 1099 1940 quae
1128 1855 1257 1923 addam.
1288 1855 1428 1923 (lodices

196 1964 282 2029 enim
313 1976 372 2030 τοῖν
406 1964 567 2041 exhibent,
601 1962 721 2030 Suidas
752 1975 816 2030 ταῖν
849 1964 935 2047 (XII,
968 1966 1018 2043 10,
1042 1966 1072 2030 6.
1120 1963 1240 2047 XVIII,
1265 1966 1318 2047 29,
1341 1965 1373 2031 3.
1396 1966 1428 2029 4.

195 2070 302 2155 ΧΧΙΙ,
327 2073 380 2155 20,
404 2072 449 2151 5).
501 2072 641 2137 Dubium
673 2078 781 2136 autem
815 2091 888 2137 csse
922 2090 985 2137 non
1013 2078 1135 2155 potest,
1169 2070 1246 2154 quin
1275 2069 1427 2135 librorum

196 2197 257 2244 nos
281 2178 506 2243 anctoritatem
530 2178 623 2261 sequi
647 2184 805 2262 oporteat.

287 2285 413 2351 Desunt
437 2284 536 2368 igitur
559 2284 683 2350 formae
708 2284 823 2350 duales
846 2285 1028 2368 verborum,
1057 2282 1300 2369 adieetivorum,
1328 2282 1428 2367 parti-

198 2392 365 2478 cipiorum,
398 2393 636 2476 pronominum,
667 2392 857 2457 nominativi
887 2399 919 2458 et
947 2391 1125 2456 accusativi
1154 2391 1429 2457 substantivorum

197 2499 386 2583 formaeque
413 2499 446 2565 in
476 2523 548 2565 -αιν,
597 2500 752 2564 Servatus
780 2507 831 2565 est
858 2500 891 2563 in
921 2522 980 2563 -οτν
1008 2497 1172 2565 secundae
1200 2496 1429 2562 declinationis

196 2610 367 2692 genetivus
405 2617 521 2695 μηροῖν.
584 2607 720 2672 Ceterae
757 2605 880 2672 formae
918 2613 991 2671 sunt
1033 2605 1149 2671 tertiae
1191 2603 1427 2669 declinationis.

195 2713 367 2800 Perpauca
395 2721 504 2780 autem
533 2721 608 2779 sunt
635 2711 809 2790 voeabula,
839 2733 972 2796 quorum
997 2711 1105 2778 dualis
1127 2711 1302 2776 invenitur:
1337 2716 1429 2797 μέρος

196 2821 334 2905 (octies),
358 2827 450 2906 κέρας
473 2819 610 2904 (semel),
634 2821 702 2906 χείρ
728 2822 878 2902 (quater).

285 2928 402 2994 Dualis
425 2927 489 2994 nisi
513 2947 584 2992 cum
609 2926 719 3014 ἀμφοῖν
741 2927 931 2992 coniunctus
945 2946 1009 2991 non
1023 2926 1141 3008 legitur
1157 2933 1292 3010 excepto
1306 2922 1427 3006 XVIII,

196 3037 249 3118 29,
274 3036 295 3100 3
322 3035 433 3122 μεταξὺ
455 3045 518 3100 τοῖν
541 3044 651 3121 χεροῖν.
699 3036 777 3099 δυεῖν
804 3053 932 3118 semper
959 3053 1030 3098 cum
1063 3032 1181 3117 plurali
1209 3031 1427 3114 coniungitur:

194 3141 220 3224 Ι,
245 3142 299 3226 35,
324 3144 353 3209 7.
396 3141 454 3226 ΙΙΙ,
477 3144 532 3225 46,
560 3143 609 3209 10.
647 3143 698 3220 90,
724 3145 754 3210 9.
801 3141 857 3224 IV,
882 3143 935 3224 22,
961 3144 991 3208 7.
1026 3141 1159 3224 35,13.
1193 3141 1245 3216 46,
1263 3142 1293 3206 7.
1325 3139 1380 3222 56,
1396 3140 1427 3203 5.

195 3247 250 3332 VI,
277 3251 327 3332 17,
350 3249 381 3316 2.
428 3250 482 3332 27,
506 3252 536 3314 4.
584 3249 638 3332 32,
662 3250 692 3314 8.
740 3247 811 3332 VII,
838 3251 890 3332 17,
915 3251 944 3313 3.
990 3246 1076 3324 VIII,
1100 3249 1154 3331 37,
1178 3248 1208 3312 3.
1253 3245 1295 3319 Χ,
1323 3247 1372 3329 10,
1395 3246 1427 3311 6.

194 3353 269 3438 XII,
296 3356 347 3433 16,
375 3359 403 3420 1.
437 3356 490 3432 27,
518 3359 546 3422 1.
580 3354 669 3437 XIV,
696 3359 724 3437 1,
748 3354 779 3422 5.
817 3353 889 3438 XV,
913 3355 967 3436 36,
992 3355 1023 3422 3.
1057 3352 1146 3436 ΧΧΙ,
1170 3356 1202 3437 4,
1229 3355 1280 3420 12.
1309 3351 1427 3435 XXIV,

197 3465 249 3544 11,
273 3462 304 3527 2.
340 3460 475 3538 XXVII,
502 3465 553 3544 ll,
576 3463 608 3528 5.
645 3460 767 3542 XXIX,
791 3464 823 3544 8,
850 3466 879 3526 1.
917 3459 1039 3545 XXXI,
1054 3463 1153 3539 21,2.
1190 3458 1281 3543 frgm.
1298 3459 1360 3524 inc.
1374 3459 1427 3525 48.

286 3564 416 3655 Ἀμφοῖν
431 3567 642 3652 praeponitur
656 3565 755 3652 duali,
780 3567 986 3652 postponitur
999 3567 1118 3652 plurali
1132 3566 1247 3632 semel:
1268 3565 1325 3650 Ill,
1338 3568 1392 3649 54,
1407 3566 1427 3631 2

194 3675 462 3762 οονθεωροομὲνων
486 3674 605 3763 ἀμφοῖν.

285 3779 346 3846 nbc
368 3781 563 3846 vccabulum
586 3779 768 3846 declinatur
790 3779 875 3846 hunc
899 3781 931 3845 in
956 3779 1100 3846 modum:

356 3895 463 3971 genet.
491 3889 568 3952 δυεῖν
591 3888 700 3984 tricies
725 3888 869 3971 quater1)

492 3997 543 4059 δοο
567 3995 711 4077 quater²)

197 4121 410 4128 ----—---

288 4205 309 4274 ¹)
331 4207 352 4272 Ι,
372 4209 414 4270 65,
436 4207 460 4261 7.
497 4207 533 4272 ΙΙ,
553 4208 595 4272 15,
616 4207 639 4262 1.
676 4206 724 4272 ΙΙΙ,
744 4207 787 4270 22,
807 4208 833 4260 2.
870 4207 913 4269 46,
934 4209 976 4261 10.
1013 4207 1163 4268 90.a.11.
1200 4207 1247 4269 IV,
1267 4205 1310 4269 22,
1331 4205 1355 4259 7.
1383 4205 1427 4269 35,

196 4299 238 4352 13.
275 4297 319 4360 56,
338 4297 364 4350 5.
401 4295 448 4361 VI,
468 4296 511 4359 27,
530 4297 555 4350 4.
592 4297 636 4360 32,
656 4296 681 4350 6.
717 4295 761 4360 46,
783 4297 807 4351 7.
844 4297 887 4361 57,
906 4298 932 4350 2.
969 4295 1030 4360 VII,
1052 4295 1093 4360 17,
1112 4296 1137 4350 2.
1175 4295 1250 4355 VIII,
1269 4295 1352 4358 22,8.
1383 4294 1426 4359 37,

195 4387 220 4440 3.
262 4385 295 4450 X,
315 4387 340 4448 3,
358 4385 384 4440 4.
423 4385 465 4451 10,
484 4385 510 4440 6.
548 4385 590 4450 12,
609 4385 633 4438 e.
681 4384 741 4450 XII,
761 4385 803 4446 16,
824 4385 848 4438 1.
886 4386 973 4449 27,1.
1021 4384 1093 4448 XIV,
1119 4387 1164 4448 la,
1183 4385 1209 4438 5.
1255 4383 1314 4447 XV,
1338 4385 1382 4447 30,
1402 4383 1427 4436 7.

194 4475 238 4538 36,
257 4474 283 4530 3.
320 4475 393 4540 XVI,
413 4475 456 4538 29,
475 4475 500 4528 9.
537 4473 610 4536 XXI,
629 4472 655 4536 4,
676 4475 717 4526 12.
750 4473 837 4538 XXII,
858 4474 900 4537 11,
921 4474 945 4528 V.
973 4473 1073 4535 XXIV,
1094 4475 1136 4536 11,
1155 4475 1180 4527 2.
1211 4473 1324 4538 XXVII,
1345 4474 1386 4536 11,
1401 4473 1427 4526 5.

195 4565 294 4630 XXIX,
314 4567 339 4626 8,
360 4565 383 4620 1.
421 4563 519 4628 XXXI,
539 4563 582 4628 21,
602 4564 627 4616 2.
665 4562 804 4624 XXXVII,
824 4563 849 4622 9.
869 4563 895 4615 8.
932 4563 1013 4632 frgm.
1032 4563 1068 4616 48
1087 4563 1159 4629 (bis).

289 4653 310 4718 ¹)
334 4653 369 4718 II,
388 4652 430 4714 65,
451 4653 475 4706 8.
513 4651 562 4716 ΙΙΙ,
582 4652 642 4717 107,
663 4653 703 4705 14.
742 4651 775 4718 V,
794 4653 837 4714 94,
856 4652 881 4706 8.
919 4651 992 4716 XVI,
1012 4653 1037 4716 6,
1056 4651 1082 4704 2.
