3459 5200
949 416 970 484 2

850 507 1064 518 ι--ι--ι

348 631 389 679 ex
411 608 468 677 illo
495 609 577 678 libro
604 612 656 678 vel
681 632 721 677 ex
744 613 814 679 eius
839 613 1036 699 apographo,
1065 612 1152 698 quod
1175 586 1364 680 Menochum
1392 612 1569 680 coniecisse
1709 670 1710 697 ,

346 720 513 803 Augustus
544 718 778 789 Reifferscheid
810 720 983 805 contendit,
1021 720 1102 788 duos
1137 720 1271 788 fluxisse
1309 722 1438 788 codices
1474 720 1570 787 hodie

344 824 545 912 deperditos,
592 847 673 911 quos
710 826 880 915 Adolphus
916 828 1084 895 Michaelis
1129 828 1162 894 in
1199 828 1400 914 praefatione
1447 827 1569 912 dialogi

344 932 496 1000 editionis
520 934 614 1018 siglis
636 934 668 999 X
688 940 720 1000 et
736 934 775 1019 Y,
798 934 1018 1001 Baehrensins
1041 936 1074 1000 in
1098 934 1238 1000 editione
1262 954 1346 1000 anno
1373 938 1455 1002 1881
1481 933 1570 1001 foras

342 1042 443 1108 missa
465 1040 498 1106 M
523 1047 556 1108 et
577 1042 608 1108 N
630 1042 765 1109 notavit.
811 1041 934 1107 Prioris
958 1040 1021 1107 duo
1046 1041 1237 1127 superstites
1262 1049 1334 1109 suut
1358 1048 1472 1110 testes:

431 1186 514 1250 A:
531 1184 709 1251 Vaticanus
734 1188 828 1269 1862,
849 1184 956 1251 chart.
985 1185 1039 1251 fol.
1065 1206 1090 1252 s.
1113 1186 1182 1271 XV,
1210 1187 1353 1252 continet
1376 1185 1397 1255 f.
1426 1187 1569 1254 11--1111

342 1290 450 1357 Taciti
482 1291 696 1376 Germaniam,
733 1292 754 1358 1.
785 1289 951 1359 151-231
984 1292 1129 1359 Suetonii
1162 1294 1314 1380 libellum,
1352 1294 1372 1359 1.
1401 1291 1568 1362 231-431

343 1399 449 1465 Taciti
473 1398 648 1483 dialogum.
1189 1412 1190 1415 ’

429 1524 456 1589 Β
474 1553 509 1581 =
527 1522 700 1591 Leidensis
713 1523 822 1589 XVlll
836 1523 1066 1591 Perizonianus
1082 1522 1111 1601 Q
1126 1527 1178 1605 21,
1197 1527 1326 1592 membr.
1347 1526 1436 1591 lorm.
1456 1524 1568 1609 quadr.

342 1650 368 1697 s.
392 1631 462 1717 XV,
491 1632 634 1698 continet
661 1631 683 1699 1.
707 1634 852 1699 21-801
881 1630 988 1697 Taciti
1016 1631 1190 1718 dialogum,
1219 1631 1240 1701 f.
1265 1635 1431 1700 311-411
1461 1632 1568 1698 Taciti

341 1738 555 1825 Germaniam,
589 1738 612 1808 1.
639 1736 808 1806 471-591
841 1739 985 1805 Suetonii
1018 1740 1185 1824 relliquias
1215 1738 1256 1805 dc
1285 1740 1504 1825 grammaticis
1536 1748 1569 1806 et

340 1846 531 1915 rhetoribus.

429 1974 548 2039 Eorum
576 1972 631 2057 qui
659 1970 752 2037 ch
779 1970 941 2038 fluxerunt
970 1971 1117 2038 codicum
1145 1971 1255 2058 plures
1282 1994 1385 2058 usque
1412 1972 1455 2039 ad
1483 1972 1568 2039 hanc

344 2087 486 2147 aetatem
509 2078 630 2149 servati
654 2085 737 2145 sunt
774 2078 840 2144 Sed
864 2099 937 2144 oum
958 2100 1023 2144 non
1046 2100 1157 2146 omnes
1181 2081 1283 2164 quiin
1298 2101 1389 2147 usum
1413 2088 1568 2147 vocentur

340 2186 431 2272 digni
460 2188 525 2254 sint
548 2185 710 2272 censendi,
739 2206 759 2251 a
781 2186 941 2253 Michaele
969 2186 1013 2251 ad
1041 2186 1275 2253 restituendum
1301 2190 1469 2254 verborum
1493 2208 1567 2253 con-

340 2301 465 2362 textum
488 2294 626 2361 adhibiti
649 2301 738 2361 sunt:

429 2421 519 2486 D=
541 2419 722 2489 Vaticanus
757 2420 851 2504 1518,
884 2416 1013 2486 membr.
1046 2416 1158 2503 quadr.
1189 2439 1215 2487 6.
1244 2419 1313 2505 XV,
1346 2419 1367 2487 1.
1400 2422 1476 2499 198,
1511 2418 1566 2503 qui
1709 2424 1710 2457 1

340 2529 484 2598 continet
515 2527 536 2594 1.
570 2529 700 2595 1-108
737 2525 990 2613 Porphyrioncm
1028 2526 1061 2590 in
1099 2526 1275 2613 Horatium,
1308 2524 1330 2594 1.
1369 2530 1430 2595 108
1462 2526 1567 2593 Persii

339 2637 441 2702 vitam
465 2643 498 2702 et
520 2636 651 2702 Cornuti
674 2635 707 2700 in
722 2635 871 2701 Persium
895 2641 1115 2720 commentum,
1139 2632 1258 2702 11661
1274 2633 1420 2700 Suetonii
1441 2634 1567 2720 librum,

342 2745 364 2813 1.
392 2741 472 2812 1131
496 2742 670 2828 dialogum,
693 2741 715 2807 1.
742 2741 823 2810 1891
848 2741 1063 2809 Germaniam.
1108 2789 1114 2806 .

428 2869 513 2935 0=
537 2868 756 2936 Famesianus
785 2867 854 2935 sive
882 2866 1118 2953 Neapolitanus
1141 2866 1184 2932 IV
1212 2886 1240 2934 c.
1265 2869 1317 2953 21,
1344 2867 1477 2933 membr.
1508 2865 1565 2932 fol.

339 2997 364 3044 s.
396 2976 468 3060 XV,
504 2975 634 3062 paginis
672 2996 736 3041 non
771 2974 956 3060 numeratis,
994 2974 1047 3058 qui
1085 2974 1227 3040 continet
1262 2974 1369 3040 Taciti
1400 2974 1566 3040 annalium

337 3082 515 3167 XI-XVI,
538 3082 744 3150 historiarum
757 3082 857 3150 libros
872 3082 970 3166 I-V,
989 3081 1164 3168 dialogum,
1186 3081 1401 3168 Germaniam,
1420 3081 1565 3148 Suetonii

340 3190 565 3275 fragmentum.

427 3315 453 3381 Δ
476 3345 512 3370 --
536 3315 711 3381 Vaticanus
743 3315 841 3400 4498,
873 3315 1004 3382 membr.
1034 3336 1060 3384 s.
1088 3315 1158 3400 XV,
1194 3315 1249 3399 qui
1281 3316 1422 3382 continet
1452 3316 1475 3382 f.
1503 3319 1565 3383 36⁸

339 3423 485 3491 Suetonii
508 3422 661 3507 libellum,
683 3420 1056 3490 1461Ρ661116-Ρ11111
1080 3421 1121 3488 dc
1144 3422 1222 3490 viris
1248 3422 1434 3508 illustribus,
1458 3421 1480 3491 1.
1503 3423 1564 3491 631

339 3530 445 3597 Taciti
468 3529 663 3615 Agricolam,
686 3528 708 3597 1.
734 3531 794 3596 ’181
817 3528 992 3613 dialogum,
1017 3529 1038 3595 1.
1064 3528 1124 3597 911
1149 3529 1365 3616 Germaniam,
1388 3529 1465 3599 alia.

426 3673 513 3738 E:
537 3671 772 3739 Ottobonianus
807 3655 919 3751 1455,Ι
940 3673 1040 3738 chart.
1079 3672 1133 3739 fol.
1165 3693 1191 3740 s.
1225 3673 1295 3758 XV,
1332 3673 1386 3756 qui
1422 3672 1565 3739 continet

337 3779 501 3848 Messalae
529 3779 658 3845 Gorvini
687 3779 728 3846 de
754 3781 910 3865 progenie
938 3801 998 3847 sua
1025 3779 1170 3847 libellum
1199 3779 1233 3864 (f.
1263 3783 1388 3862 l-h⁸)‚
1418 3780 1564 3846 Suetonii

338 3887 380 3954 dc
412 3887 632 3972 grammaticis
657 3894 688 3953 61
710 3886 891 3953 rhetoribus
926 3887 1093 3971 relliquias
1122 3885 1156 3974 (l.
1181 3885 1328 3973 61-91),
1361 3887 1468 3953 Taciti
1503 3887 1563 3955 »de

338 3996 519 4062 oratoribus
540 4002 573 4061 et
590 3996 715 4083 poetis«
743 3994 908 4079 dialogum
932 3995 965 4077 (1.
980 3992 1149 4076 91-191),
1173 3993 1249 4060 inde
1268 3993 1356 4060 afol.
1375 3993 1563 4061 191-2431

338 4102 405 4169 alia
427 4103 537 4188 multa,
561 4103 581 4168 1.
608 4100 821 4170 2481-3461
843 4102 960 4168 Blondi
978 4101 1189 4168 Torliviensis
1210 4101 1338 4168 Italiam
1359 4101 1562 4168 illustratam.

425 4246 544 4312 Paucis
573 4245 621 4313 eis
652 4244 844 4312 lectionibus
873 4265 913 4312 ex
942 4243 1073 4328 dialogo
1108 4245 1251 4330 sumptis,
1285 4265 1366 4329 quas
1393 4244 1561 4312 Michaelis

338 4354 413 4423 edit.
437 4353 540 4440 praef.
560 4375 591 4439 p.
606 4353 671 4418 ΧΠ
694 4353 872 4439 proposuit,
895 4351 1042 4418 codicum
1066 4353 1193 4419 illorum
1216 4352 1358 4418 familias
1382 4371 1455 4419 esse
1479 4351 1561 4418 duas

336 4462 509 4528 manifesto
537 4467 684 4546 apparet.
732 4459 798 4526 Sed
827 4467 862 4525 ut
893 4459 1086 4526 Germaniae
1115 4467 1147 4526 61
1175 4459 1347 4544 fragmenti
1374 4457 1560 4525 Suetoniani

335 4570 489 4636 librorum
530 4567 667 4637 eandem
709 4588 782 4635 esse
824 4567 1047 4636 condicionem
1084 4568 1301 4654 comprobem,
1343 4565 1464 4634 electas
1501 4566 1559 4633 bas

336 4677 491 4744 lectiones
514 4676 659 4763 profero:
