3459 5200
899 391 943 456 80

306 602 386 649 cave
418 582 534 650 eredas
565 582 805 649 circumflexum
842 593 1013 650 accentum
1052 593 1147 652 acuto
1184 594 1413 653 commutatum
1450 606 1535 654 esse.

305 690 406 754 Immo
429 689 560 756 saeculo
583 689 630 756 XI
653 695 762 776 πράσις
784 690 888 756 forma
912 691 1079 759 sollemnis
1101 691 1178 778 fuit3
1202 713 1267 775 qua
1290 713 1362 758 cum
1382 713 1538 759 mensura

305 796 424 882 optime
447 803 604 862 consonat
632 796 781 880 syllabae
811 803 893 856 llPA
925 799 1095 884 correptio,
1128 818 1226 882 quarn
1259 798 1363 866 solam
1397 801 1536 866 loannes

305 902 438 969 admisit
459 904 492 968 in
515 901 626 969 formis
648 903 849 985 verbalibus3
875 903 917 971 ol.

393 1030 447 1112 32,
471 1029 491 1093 3
515 1024 585 1094 ἀνθ’
610 1023 644 1092 οὖ
668 1032 823 1112 πραθεὶς
847 1029 941 1094 tomos
963 1030 1034 1102 τοὺς
1056 1025 1126 1095 κατ’
1150 1027 1252 1096 εἰκόνα

393 1135 446 1219 33,
469 1137 492 1201 4
515 1137 610 1199 πάλαι
633 1138 818 1221 πραθῆναι
840 1133 968 1219 Χριστὸν
990 1134 1055 1200 ἀντὶ
1077 1140 1200 1222 χρυσίου

393 1243 446 1326 33,
470 1244 513 1307 25
537 1248 602 1312 πῶς
624 1243 680 1324 γὰρ
702 1247 818 1328 νοήσεις
840 1245 874 1307 τὸ
897 1244 1083 1329 πραθῆναι
1104 1243 1230 1328 χροοίοο

393 1350 446 1432 33,
473 1347 514 1414 15
537 1344 591 1412 uta
614 1346 687 1423 ,ἀντὶ
709 1347 829 1434 χρυσοῦ(
853 1351 926 1435 φασὶ
947 1352 1161 1433 πεπρᾶσθαι
1184 1346 1289 1422 retest)

304 1471 518 1539 Confirmatur
540 1471 593 1538 hio
616 1471 746 1537 dicendi
770 1492 848 1538 usus
873 1473 970 1537 etiam
992 1472 1107 1556 regula
1134 1471 1265 1558 prosod.
1290 1475 1344 1557 26,
1373 1492 1458 1556 quae
1485 1472 1534 1538 le-

304 1581 390 1664 gitur
412 1579 445 1644 in
469 1585 609 1645 tractatu
633 1599 653 1643 a
677 1577 863 1645 Godoiredo
892 1580 1075 1646 Hermanno
1104 1580 1146 1645 de
1174 1577 1378 1646 emendanda
1406 1579 1534 1644 ratione

304 1687 451 1754 Graecae
474 1686 707 1770 grammaticae
729 1692 811 1770 part.
832 1686 847 1751 Ι
871 1685 974 1771 (Lips.
990 1688 1086 1768 1801)
1110 1708 1141 1772 p.
1159 1689 1226 1754 426
1251 1685 1353 1752 edito:
1378 1689 1417 1751 τὰ
1430 1683 1533 1759 aleta

297 1797 429 1882 -διχρόνῳ
452 1796 686 1881 παραληγόρενα
704 1794 928 1880 παροξῦνονπαι·
952 1799 1043 1880 ταας,
1060 1797 1155 1878 βάσις,
1168 1798 1248 1882 πλὴν
1261 1804 1315 1860 τοῦ
1330 1796 1422 1866 λῦοις.
1438 1791 1532 1878 ῥῖνας,

303 1901 418 1986 πρᾶξις,
442 1911 530 1988 χῠοις
555 1905 608 1966 ναὶ
631 1912 775 1986 πρᾶσις·
797 1911 907 1967 τοῦτο
930 1903 967 1965 δὲ
989 1899 1010 1988 ἡ
1034 1906 1207 1988 αονήθεια
1230 1900 1463 1986 παροξὺνειθ)

391 2043 472 2109 Item
494 2062 545 2108 me
569 2043 697 2126 quidem
725 2041 833 2108 iudice
859 2043 1001 2110 loannes
1028 2041 1149 2109 formas
1177 2045 1286 2116 στῦλος
1313 2046 1386 2127 (pro
1409 2041 1532 2126 στῦλος)

304 2157 336 2216 et
358 2156 463 2235 νράας
485 2152 556 2234 (pro
570 2153 689 2235 κρᾶσις)
712 2151 872 2232 genuinas
896 2168 969 2216 esse
992 2149 1127 2235 putavit.
1155 2149 1300 2215 Priorem
1313 2149 1405 2214 vocis
1421 2151 1532 2221 στῦλος

304 2256 462 2340 syllabam
486 2255 640 2340 corripuit

392 2381 445 2463 49,
468 2382 490 2444 4
512 2379 554 2454 ὡς
577 2379 764 2465 ἀνράδαντον
786 2379 966 2464 ὀρθοδοξίας
988 2379 1147 2466 οπολον1)

303 2524 366 2569 non
394 2503 490 2569 aliter
517 2523 557 2569 ae
584 2503 762 2588 Gregorius
790 2505 1028 2589 Nazianzenus,
1061 2505 1190 2588 dequo
1214 2503 1313 2570 otia
1337 2503 1531 2587 Sterubach,

302 2611 499 2678 Menandros
522 2611 714 2694 (Graeoviao
727 2614 825 2693 1891)
848 2633 879 2697 p.
893 2615 949 2689 733
973 2612 1121 2678 vocabuli
1134 2618 1239 2697 πράσις
1255 2611 1416 2697 syllabam
1429 2630 1529 2696 paen·

302 2718 447 2785 ultimam
470 2719 623 2804 corripuit

394 2986 415 3055 ι)
442 2986 570 3041 Formam
597 2985 685 3056 πρᾶσιν
707 2988 855 3057 usurpavit
882 2988 939 3042 iam
966 2986 1151 3057 Gregorius
1178 2985 1416 3041 Nazianzenus
1443 2984 1529 3050 (saec.

301 3094 327 3146 p.
347 3075 408 3130 Chr.
428 3076 480 3143 IV)
499 3074 529 3129 in
548 3076 670 3131 carmine
688 3076 816 3142 iambico,
836 3092 1007 3144 quamquam
1029 3076 1059 3129 in
1082 3075 1216 3130 eiusmodi
1238 3074 1370 3139 versibus,
1393 3073 1529 3142 quoniam

300 3165 382 3235 pedes
399 3164 559 3234 trisyllabos
579 3164 742 3233 (dequibus
762 3166 795 3220 cl.
814 3164 933 3219 Paulum
952 3163 1073 3233 Stoppel,
1092 3164 1269 3233 quaestiones
1282 3164 1321 3219 ‘de
1331 3163 1459 3232 Gregorii
1469 3162 1526 3215 Na-

300 3254 422 3309 zianzeni
440 3256 587 3324 poetarum
605 3254 772 3309 scenicorum
792 3253 952 3308 imitatione
970 3257 999 3308 et
1018 3257 1079 3307 arte
1097 3254 1213 3307 metrica
1232 3251 1387 3321 [Rostochii
1399 3250 1477 3318 1881]
1497 3269 1528 3320 ρ.

300 3342 335 3399 20
353 3342 427 3412 sqq.)
445 3342 567 3407 admisit,
585 3342 669 3397 nullis
687 3342 826 3412 angustiis
844 3342 966 3397 metricis
984 3342 1134 3412 impeditus
1152 3344 1225 3397 erat:

390 3432 403 3485 I
421 3432 447 3496 2,
468 3431 510 3497 10,
529 3432 582 3486 315
601 3428 634 3481 ἐῶ
652 3428 733 3501 λέγειν
751 3429 861 3501 πράοιν
880 3448 906 3481 τε
924 3430 968 3481 καὶ
986 3427 1044 3500 οὐχὶ
1061 3429 1183 3501 πράοιν·

300 3520 333 3574 of.
353 3520 439 3575 etiarn

388 3609 402 3662 1
420 3610 444 3673 1,
464 3608 489 3674 6,
508 3609 543 3663 47
561 3607 604 3659 act
622 3606 650 3659 πὸ
668 3606 786 3678 πραθὲν
804 3606 890 3678 ζητεῖν
909 3625 937 3658 os
955 3607 999 3659 aui
1017 3607 1045 3658 τὸ
1063 3605 1144 3678 ppips'
1163 3604 1238 3677 ἔχειν.

390 3731 411 3800 ¹)
439 3732 478 3787 Gi.
499 3733 585 3789 etiam
603 3732 792 3803 christophori
811 3750 918 3788 versus:

512 3822 572 3888 114,
592 3822 627 3877 ‘lo
644 3818 664 3892 ἢ
683 3822 739 3884 τοὺς
757 3820 850 3891 τάφους
869 3821 981 3882 ἅπαντας
1000 3818 1023 3871 οἱ
1041 3818 1248 3891 νενροπράπαι

530 3912 571 3977 11,
592 3912 626 3965 12
645 3907 891 3980 οχεδοπραπεῖον
910 3907 938 3961 ot
957 3908 1109 3980 πρεπόντως·
1129 3904 1150 3959 ὦ
1168 3906 1242 3959 a...

643 3996 895 4069 χαλκοπραποῖον
912 3999 960 4069 τὴν
978 3996 1078 4069 σχολὴν
1095 3996 1189 4058 δεικνὺς
1207 3994 1295 4058 πάλας.

389 4122 410 4193 ⁸)
438 4124 483 4179 Sic
501 4124 559 4179 cod.
572 4124 637 4179 Vat.
657 4124 754 4179 Graec.
773 4124 838 4189 6763
858 4124 892 4178 cl.
912 4125 998 4178 etiam
1017 4122 1207 4193 christophori
1224 4141 1250 4179 ν.

509 4214 534 4279 3,
554 4214 571 4267 3
590 4211 641 4281 [τὸν
660 4209 799 4275 melaac,
819 4208 936 4283 ἆῤῥῙαγή
952 4229 1008 4263 τινα
1026 4208 1138 4263 στύλον

297 4306 326 4357 et
343 4320 435 4357 versus
454 4302 618 4371 dactylicos:

510 4392 552 4451 10,
573 4392 586 4444 1
607 4388 708 4459 δείματα
727 4386 832 4461 οὐρανίη
851 4387 927 4460 sopio]
946 4388 1029 4459 δόμον,
1048 4386 1076 4440 ὃν
1095 4386 1201 4441 stilus
1218 4388 1280 4440 ἑπτά

511 4481 551 4543 10,
571 4481 588 4535 5
607 4478 717 4549 aripenno
735 4480 778 4529 ani
797 4476 908 4531 στύλον
926 4476 994 4530 ἔνδον
1012 4478 1093 4530 asinoe
1111 4476 1215 4549 ἔμμεναι
1232 4470 1303 4546 εἶλαρ

296 4566 382 4635 (Vnt,
397 4564 507 4638 ἔμμαραι
525 4562 596 4639 εἶλαρ
615 4568 731 4639 crypt).
771 4569 861 4623 Verba
879 4566 1027 4639 ὸρθοδοξὶας
1046 4566 1135 4630 στόλος
1152 4569 1269 4623 Ioannes
1286 4567 1317 4621 in
1334 4568 1389 4621 line
1406 4584 1433 4619 ν.
1446 4566 1523 4629 aas

296 4674 382 4725 aeque
399 4658 493 4726 posuit
511 4661 596 4725 atque
613 4657 794 4728 Ephraemius
812 4658 842 4712 in
860 4658 915 4712 fine
932 4658 1101 4713 senariorum
1119 4657 1197 4712 9617.
1217 4658 1295 4712 9811.
1316 4656 1413 4711 10300.
