<?xml version="1.0" encoding="UTF-8"?>
<!DOCTYPE html PUBLIC "-//W3C//DTD XHTML 1.0 Transitional//EN"
    "http://www.w3.org/TR/xhtml1/DTD/xhtml1-transitional.dtd">
<html xmlns="http://www.w3.org/1999/xhtml" xml:lang="en" lang="en">
 <head>
  <title>
</title>
<meta http-equiv="Content-Type" content="text/html;charset=utf-8" />
  <meta name='ocr-system' content='tesseract 3.04.00' />
  <meta name='ocr-capabilities' content='ocr_page ocr_carea ocr_par ocr_line ocrx_word'/>
</head>
<body>
  <div class='ocr_page' id='page_1' title='image "./detacitosenecae00zimmgoog_0320.png"; bbox 0 0 3459 5200; ppageno 0'>
   <div class='ocr_carea' id='block_1_1' title="bbox 166 507 1333 2245">
    <p class='ocr_par' dir='ltr' id='par_1_1' title="bbox 166 507 1333 2245">
     <span class='ocr_line' id='line_1_1' title="bbox 653 507 853 606; baseline -0.015 0"><span class='ocrx_word' id='word_1_1' title='bbox 653 507 853 606; x_wconf 37' lang='lat' dir='ltr'><strong>*a*</strong></span> 
     </span>
     <span class='ocr_line' id='line_1_2' title="bbox 169 715 1333 797; baseline -0.002 -16"><span class='ocrx_word' id='word_1_2' title='bbox 169 715 396 782; x_wconf 89' lang='lat' dir='ltr'><strong>Studemundi</strong></span> <span class='ocrx_word' id='word_1_3' title='bbox 413 716 476 779; x_wconf 84' lang='lat' dir='ltr'><strong>An.</strong></span> <span class='ocrx_word' id='word_1_4' title='bbox 495 734 563 780; x_wconf 85' lang='lat' dir='ltr'><strong>var.</strong></span> <span class='ocrx_word' id='word_1_5' title='bbox 579 715 634 797; x_wconf 93' lang='lat' dir='ltr'><strong>lp.</strong></span> <span class='ocrx_word' id='word_1_6' title='bbox 650 716 720 792; x_wconf 85' lang='grc'><strong>170,</strong></span> <span class='ocrx_word' id='word_1_7' title='bbox 736 715 768 794; x_wconf 84' lang='grc'><strong>1;</strong></span> <span class='ocrx_word' id='word_1_8' title='bbox 786 715 925 779; x_wconf 89' lang='lat' dir='ltr'><strong>Proclus</strong></span> <span class='ocrx_word' id='word_1_9' title='bbox 944 716 1123 780; x_wconf 89' lang='lat' dir='ltr'><strong>chrestom.</strong></span> <span class='ocrx_word' id='word_1_10' title='bbox 1139 716 1204 796; x_wconf 84' lang='lat' dir='ltr'><strong>(ed.</strong></span> <span class='ocrx_word' id='word_1_11' title='bbox 1222 715 1333 780; x_wconf 91' lang='lat' dir='ltr'><strong>West-</strong></span> 
     </span>
     <span class='ocr_line' id='line_1_3' title="bbox 166 817 1332 902; baseline -0.002 -18"><span class='ocrx_word' id='word_1_12' title='bbox 166 820 251 902; x_wconf 86' lang='lat' dir='ltr'><strong>phal</strong></span> <span class='ocrx_word' id='word_1_13' title='bbox 264 820 299 884; x_wconf 93' lang='lat' dir='ltr'><strong>in</strong></span> <span class='ocrx_word' id='word_1_14' title='bbox 312 819 425 902; x_wconf 83' lang='lat' dir='ltr'><strong>script.</strong></span> <span class='ocrx_word' id='word_1_15' title='bbox 438 822 534 883; x_wconf 90' lang='lat' dir='ltr'><strong>metr.</strong></span> <span class='ocrx_word' id='word_1_16' title='bbox 547 838 594 901; x_wconf 85' lang='lat' dir='ltr'><strong>gr.</strong></span> <span class='ocrx_word' id='word_1_17' title='bbox 607 819 671 882; x_wconf 93' lang='lat' dir='ltr'><strong>vol.</strong></span> <span class='ocrx_word' id='word_1_18' title='bbox 683 818 709 901; x_wconf 82' lang='lat' dir='ltr'><strong>l)</strong></span> <span class='ocrx_word' id='word_1_19' title='bbox 719 838 750 900; x_wconf 92' lang='lat' dir='ltr'><strong>p.</strong></span> <span class='ocrx_word' id='word_1_20' title='bbox 763 818 835 895; x_wconf 64' lang='lat'><strong>230,</strong></span> <span class='ocrx_word' id='word_1_21' title='bbox 845 819 879 894; x_wconf 87' lang='lat'><strong>5;</strong></span> <span class='ocrx_word' id='word_1_22' title='bbox 893 818 998 882; x_wconf 89' lang='lat' dir='ltr'><strong>schol.</strong></span> <span class='ocrx_word' id='word_1_23' title='bbox 1011 817 1286 902; x_wconf 83' lang='lat' dir='ltr'><strong>(Melampodis)¹)</strong></span> <span class='ocrx_word' id='word_1_24' title='bbox 1297 818 1332 882; x_wconf 91' lang='lat' dir='ltr'><strong>in</strong></span> 
     </span>
     <span class='ocr_line' id='line_1_4' title="bbox 166 920 1331 1004; baseline -0.003 -16"><span class='ocrx_word' id='word_1_25' title='bbox 166 923 269 988; x_wconf 91' lang='lat' dir='ltr'><strong>Dion.</strong></span> <span class='ocrx_word' id='word_1_26' title='bbox 304 922 425 988; x_wconf 86' lang='lat' dir='ltr'><strong>Thrac.</strong></span> <span class='ocrx_word' id='word_1_27' title='bbox 459 921 535 1004; x_wconf 90' lang='lat' dir='ltr'><strong>(An.</strong></span> <span class='ocrx_word' id='word_1_28' title='bbox 569 941 616 1004; x_wconf 86' lang='lat' dir='ltr'><strong>gr.</strong></span> <span class='ocrx_word' id='word_1_29' title='bbox 651 920 700 984; x_wconf 89' lang='lat' dir='ltr'><strong>ed.</strong></span> <span class='ocrx_word' id='word_1_30' title='bbox 736 920 876 1004; x_wconf 83' lang='lat' dir='ltr'><strong>Bekker)</strong></span> <span class='ocrx_word' id='word_1_31' title='bbox 909 920 1027 986; x_wconf 87' lang='lat' dir='ltr'><strong>volll</strong></span> <span class='ocrx_word' id='word_1_32' title='bbox 1061 940 1093 1002; x_wconf 89' lang='lat' dir='ltr'><strong>p.</strong></span> <span class='ocrx_word' id='word_1_33' title='bbox 1126 921 1198 1000; x_wconf 75' lang='lat'>748,</span> <span class='ocrx_word' id='word_1_34' title='bbox 1227 923 1270 986; x_wconf 72' lang='lat' dir='ltr'><strong>bt)</strong></span> <span class='ocrx_word' id='word_1_35' title='bbox 1292 951 1331 975; x_wconf 91' lang='lat'><strong><em>=</em></strong></span> 
     </span>
     <span class='ocr_line' id='line_1_5' title="bbox 167 1023 1332 1110; baseline 0 -20"><span class='ocrx_word' id='word_1_36' title='bbox 167 1026 303 1108; x_wconf 82' lang='lat' dir='ltr'><strong>Proleg.</strong></span> <span class='ocrx_word' id='word_1_37' title='bbox 336 1047 368 1090; x_wconf 83' lang='grc' dir='ltr'><strong>π.</strong></span> <span class='ocrx_word' id='word_1_38' title='bbox 402 1023 569 1110; x_wconf 81' lang='grc' dir='ltr'>κωμῳδίας</span> <span class='ocrx_word' id='word_1_39' title='bbox 602 1024 654 1106; x_wconf 87' lang='lat' dir='ltr'><strong>(in.</strong></span> <span class='ocrx_word' id='word_1_40' title='bbox 684 1025 788 1089; x_wconf 89' lang='lat' dir='ltr'><strong>schol.</strong></span> <span class='ocrx_word' id='word_1_41' title='bbox 823 1023 858 1087; x_wconf 91' lang='lat' dir='ltr'><strong>in</strong></span> <span class='ocrx_word' id='word_1_42' title='bbox 887 1024 1059 1107; x_wconf 90' lang='lat' dir='ltr'><strong>Aristoph.</strong></span> <span class='ocrx_word' id='word_1_43' title='bbox 1088 1025 1140 1089; x_wconf 89' lang='lat' dir='ltr'><strong>ed.</strong></span> <span class='ocrx_word' id='word_1_44' title='bbox 1162 1025 1332 1108; x_wconf 81' lang='lat' dir='ltr'><strong>Duebner)</strong></span> 
     </span>
     <span class='ocr_line' id='line_1_6' title="bbox 168 1127 1331 1212; baseline -0.001 -19"><span class='ocrx_word' id='word_1_45' title='bbox 168 1150 205 1212; x_wconf 92' lang='lat' dir='ltr'><strong>p.</strong></span> <span class='ocrx_word' id='word_1_46' title='bbox 227 1129 304 1194; x_wconf 90' lang='lat' dir='ltr'><strong>XXI</strong></span> <span class='ocrx_word' id='word_1_47' title='bbox 324 1130 382 1206; x_wconf 66' lang='lat' dir='ltr'><strong>lm</strong></span> <span class='ocrx_word' id='word_1_48' title='bbox 405 1129 447 1194; x_wconf 88' lang='lat' dir='ltr'><strong>of.</strong></span> <span class='ocrx_word' id='word_1_49' title='bbox 470 1128 549 1194; x_wconf 88' lang='lat' dir='ltr'>ibid.</span> <span class='ocrx_word' id='word_1_50' title='bbox 573 1149 605 1211; x_wconf 91' lang='lat' dir='ltr'><strong>p.</strong></span> <span class='ocrx_word' id='word_1_51' title='bbox 628 1127 713 1192; x_wconf 88' lang='lat' dir='ltr'>XVII</span> <span class='ocrx_word' id='word_1_52' title='bbox 735 1129 791 1206; x_wconf 67' lang='lat'><strong>27;</strong></span> <span class='ocrx_word' id='word_1_53' title='bbox 815 1127 855 1193; x_wconf 88' lang='lat' dir='ltr'><strong>cf.</strong></span> <span class='ocrx_word' id='word_1_54' title='bbox 880 1128 981 1194; x_wconf 87' lang='lat' dir='ltr'><strong>etiam</strong></span> <span class='ocrx_word' id='word_1_55' title='bbox 1005 1127 1114 1193; x_wconf 82' lang='lat' dir='ltr'><strong>Crem.</strong></span> <span class='ocrx_word' id='word_1_56' title='bbox 1135 1128 1197 1193; x_wconf 83' lang='lat' dir='ltr'><strong>An.</strong></span> <span class='ocrx_word' id='word_1_57' title='bbox 1214 1129 1275 1194; x_wconf 86' lang='lat' dir='ltr'><strong>Ox.</strong></span> <span class='ocrx_word' id='word_1_58' title='bbox 1291 1129 1331 1192; x_wconf 89' lang='lat' dir='ltr'><strong>IV</strong></span> 
     </span>
     <span class='ocr_line' id='line_1_7' title="bbox 167 1231 1331 1315; baseline 0 -19"><span class='ocrx_word' id='word_1_59' title='bbox 167 1255 203 1315; x_wconf 88' lang='lat' dir='ltr'><strong>p.</strong></span> <span class='ocrx_word' id='word_1_60' title='bbox 220 1234 292 1312; x_wconf 88' lang='grc'><strong>315,</strong></span> <span class='ocrx_word' id='word_1_61' title='bbox 313 1232 352 1296; x_wconf 90' lang='grc'><strong>31</strong></span> <span class='ocrx_word' id='word_1_62' title='bbox 378 1237 411 1297; x_wconf 90' lang='lat' dir='ltr'><strong>et</strong></span> <span class='ocrx_word' id='word_1_63' title='bbox 425 1233 498 1311; x_wconf 89' lang='grc'>316,</span> <span class='ocrx_word' id='word_1_64' title='bbox 521 1232 542 1296; x_wconf 85' lang='grc'><strong>5</strong></span> <span class='ocrx_word' id='word_1_65' title='bbox 563 1253 627 1315; x_wconf 86' lang='lat' dir='ltr'><strong>sq.;</strong></span> <span class='ocrx_word' id='word_1_66' title='bbox 649 1233 748 1296; x_wconf 90' lang='lat' dir='ltr'><strong>Rhet.</strong></span> <span class='ocrx_word' id='word_1_67' title='bbox 772 1252 819 1314; x_wconf 83' lang='lat' dir='ltr'><strong>gr.</strong></span> <span class='ocrx_word' id='word_1_68' title='bbox 841 1231 882 1295; x_wconf 87' lang='lat' dir='ltr'><strong>Vl</strong></span> <span class='ocrx_word' id='word_1_69' title='bbox 904 1253 936 1313; x_wconf 92' lang='lat' dir='ltr'><strong>p.</strong></span> <span class='ocrx_word' id='word_1_70' title='bbox 959 1232 1032 1309; x_wconf 68' lang='lat'>278,</span> <span class='ocrx_word' id='word_1_71' title='bbox 1054 1232 1096 1296; x_wconf 66' lang='lat'><strong>24</strong></span> <span class='ocrx_word' id='word_1_72' title='bbox 1117 1253 1166 1315; x_wconf 92' lang='lat' dir='ltr'><strong>sq.</strong></span> <span class='ocrx_word' id='word_1_73' title='bbox 1193 1231 1331 1315; x_wconf 83' lang='lat' dir='ltr'><strong>(Walz);</strong></span> 
     </span>
     <span class='ocr_line' id='line_1_8' title="bbox 170 1334 1330 1420; baseline 0 -20"><span class='ocrx_word' id='word_1_74' title='bbox 170 1336 278 1401; x_wconf 91' lang='lat' dir='ltr'><strong>schol.</strong></span> <span class='ocrx_word' id='word_1_75' title='bbox 311 1335 395 1420; x_wconf 79' lang='lat' dir='ltr'>(RV)</span> <span class='ocrx_word' id='word_1_76' title='bbox 429 1335 471 1400; x_wconf 92' lang='lat' dir='ltr'><strong>ad</strong></span> <span class='ocrx_word' id='word_1_77' title='bbox 503 1335 674 1418; x_wconf 83' lang='lat' dir='ltr'><strong>Aristoph.</strong></span> <span class='ocrx_word' id='word_1_78' title='bbox 709 1335 793 1400; x_wconf 89' lang='lat' dir='ltr'><strong>Ran.</strong></span> <span class='ocrx_word' id='word_1_79' title='bbox 828 1335 900 1398; x_wconf 85' lang='lat'><strong>311.</strong></span> <span class='ocrx_word' id='word_1_80' title='bbox 950 1334 1100 1416; x_wconf 91' lang='lat' dir='ltr'><strong>Denique</strong></span> <span class='ocrx_word' id='word_1_81' title='bbox 1133 1335 1168 1398; x_wconf 92' lang='lat' dir='ltr'><strong>in</strong></span> <span class='ocrx_word' id='word_1_82' title='bbox 1201 1334 1330 1400; x_wconf 91' lang='lat' dir='ltr'><strong>deliciis</strong></span> 
     </span>
     <span class='ocr_line' id='line_1_9' title="bbox 170 1437 1330 1519; baseline -0.002 -16"><span class='ocrx_word' id='word_1_83' title='bbox 170 1439 276 1503; x_wconf 82' lang='lat' dir='ltr'><strong>fuisse</strong></span> <span class='ocrx_word' id='word_1_84' title='bbox 299 1439 387 1504; x_wconf 86' lang='lat' dir='ltr'><strong>hunc</strong></span> <span class='ocrx_word' id='word_1_85' title='bbox 409 1459 507 1504; x_wconf 89' lang='lat' dir='ltr'><strong>usum</strong></span> <span class='ocrx_word' id='word_1_86' title='bbox 533 1438 702 1504; x_wconf 77' lang='lat' dir='ltr'>Demetrio</span> <span class='ocrx_word' id='word_1_87' title='bbox 734 1437 896 1502; x_wconf 91' lang='lat' dir='ltr'><strong>Triclinio</strong></span> <span class='ocrx_word' id='word_1_88' title='bbox 920 1437 991 1519; x_wconf 91' lang='lat' dir='ltr'><strong>ipse</strong></span> <span class='ocrx_word' id='word_1_89' title='bbox 1017 1437 1131 1503; x_wconf 85' lang='lat' dir='ltr'>Hense</span> <span class='ocrx_word' id='word_1_90' title='bbox 1154 1437 1330 1504; x_wconf 82' lang='lat' dir='ltr'><strong>concessit.</strong></span> 
     </span>
     <span class='ocr_line' id='line_1_10' title="bbox 170 1540 1331 1624; baseline -0.003 -15"><span class='ocrx_word' id='word_1_91' title='bbox 170 1543 241 1609; x_wconf 86' lang='lat' dir='ltr'><strong>Sed</strong></span> <span class='ocrx_word' id='word_1_92' title='bbox 274 1543 356 1608; x_wconf 89' lang='lat' dir='ltr'><strong>haec</strong></span> <span class='ocrx_word' id='word_1_93' title='bbox 383 1543 554 1607; x_wconf 88' lang='lat' dir='ltr'><strong>hactenus.</strong></span> <span class='ocrx_word' id='word_1_94' title='bbox 600 1541 689 1608; x_wconf 88' lang='lat' dir='ltr'><strong>Satis</strong></span> <span class='ocrx_word' id='word_1_95' title='bbox 716 1540 782 1606; x_wconf 92' lang='lat' dir='ltr'><strong>iam</strong></span> <span class='ocrx_word' id='word_1_96' title='bbox 808 1545 889 1624; x_wconf 95' lang='lat' dir='ltr'><strong>puto</strong></span> <span class='ocrx_word' id='word_1_97' title='bbox 912 1540 1107 1622; x_wconf 82' lang='lat' dir='ltr'><strong>apparuisse</strong></span> <span class='ocrx_word' id='word_1_98' title='bbox 1139 1561 1207 1606; x_wconf 92' lang='lat' dir='ltr'><strong>non</strong></span> <span class='ocrx_word' id='word_1_99' title='bbox 1230 1562 1331 1624; x_wconf 91' lang='lat' dir='ltr'><strong>posse</strong></span> 
     </span>
     <span class='ocr_line' id='line_1_11' title="bbox 168 1643 1331 1730; baseline 0.001 -20"><span class='ocrx_word' id='word_1_100' title='bbox 168 1650 310 1730; x_wconf 88' lang='lat' dir='ltr'><strong>propter</strong></span> <span class='ocrx_word' id='word_1_101' title='bbox 332 1647 421 1710; x_wconf 88' lang='lat' dir='ltr'><strong>hunc</strong></span> <span class='ocrx_word' id='word_1_102' title='bbox 444 1666 540 1710; x_wconf 90' lang='lat' dir='ltr'><strong>usum</strong></span> <span class='ocrx_word' id='word_1_103' title='bbox 564 1647 672 1710; x_wconf 88' lang='lat' dir='ltr'><strong>solum</strong></span> <span class='ocrx_word' id='word_1_104' title='bbox 689 1643 880 1709; x_wconf 87' lang='lat' dir='ltr'><strong>scholiastis</strong></span> <span class='ocrx_word' id='word_1_105' title='bbox 895 1643 1176 1726; x_wconf 91' lang='lat' dir='ltr'><strong>Hephaestioneis</strong></span> <span class='ocrx_word' id='word_1_106' title='bbox 1191 1645 1331 1729; x_wconf 88' lang='lat' dir='ltr'><strong>aliisque</strong></span> 
     </span>
     <span class='ocr_line' id='line_1_12' title="bbox 167 1747 1332 1833; baseline 0 -19"><span class='ocrx_word' id='word_1_107' title='bbox 167 1749 397 1833; x_wconf 81' lang='lat' dir='ltr'><strong>posteriorum</strong></span> <span class='ocrx_word' id='word_1_108' title='bbox 429 1753 616 1831; x_wconf 90' lang='lat' dir='ltr'><strong>temporum</strong></span> <span class='ocrx_word' id='word_1_109' title='bbox 656 1747 875 1831; x_wconf 86' lang='lat' dir='ltr'><strong>scriptoribus</strong></span> <span class='ocrx_word' id='word_1_110' title='bbox 912 1747 1166 1813; x_wconf 84' lang='lat' dir='ltr'><strong>usitatissimum</strong></span> <span class='ocrx_word' id='word_1_111' title='bbox 1196 1749 1332 1831; x_wconf 86' lang='lat' dir='ltr'><strong>aliquod</strong></span> 
     </span>
     <span class='ocr_line' id='line_1_13' title="bbox 171 1848 1331 1934; baseline 0 -17"><span class='ocrx_word' id='word_1_112' title='bbox 171 1851 326 1917; x_wconf 90' lang='lat' dir='ltr'><strong>scholion</strong></span> <span class='ocrx_word' id='word_1_113' title='bbox 353 1851 534 1916; x_wconf 84' lang='lat' dir='ltr'><strong>Heliodoro</strong></span> <span class='ocrx_word' id='word_1_114' title='bbox 564 1849 735 1916; x_wconf 89' lang='lat' dir='ltr'><strong>vindicari.</strong></span> <span class='ocrx_word' id='word_1_115' title='bbox 759 1849 831 1914; x_wconf 91' lang='lat' dir='ltr'><strong>Hoc</strong></span> <span class='ocrx_word' id='word_1_116' title='bbox 859 1848 949 1914; x_wconf 91' lang='lat' dir='ltr'><strong>enim</strong></span> <span class='ocrx_word' id='word_1_117' title='bbox 978 1850 1114 1930; x_wconf 90' lang='lat' dir='ltr'><strong>nemini,</strong></span> <span class='ocrx_word' id='word_1_118' title='bbox 1145 1851 1201 1934; x_wconf 93' lang='lat' dir='ltr'><strong>qui</strong></span> <span class='ocrx_word' id='word_1_119' title='bbox 1223 1852 1331 1919; x_wconf 93' lang='lat' dir='ltr'><strong>obiter</strong></span> 
     </span>
     <span class='ocr_line' id='line_1_14' title="bbox 171 1953 1331 2038; baseline 0 -18"><span class='ocrx_word' id='word_1_120' title='bbox 171 1957 268 2020; x_wconf 92' lang='lat' dir='ltr'><strong>locos</strong></span> <span class='ocrx_word' id='word_1_121' title='bbox 291 1955 453 2020; x_wconf 84' lang='lat' dir='ltr'><strong>excitatos</strong></span> <span class='ocrx_word' id='word_1_122' title='bbox 481 1954 693 2038; x_wconf 83' lang='lat' dir='ltr'><strong>percurrerit,</strong></span> <span class='ocrx_word' id='word_1_123' title='bbox 719 1953 855 2019; x_wconf 91' lang='lat' dir='ltr'><strong>dubium</strong></span> <span class='ocrx_word' id='word_1_124' title='bbox 881 1973 955 2017; x_wconf 91' lang='lat' dir='ltr'><strong>esse</strong></span> <span class='ocrx_word' id='word_1_125' title='bbox 978 1958 1099 2036; x_wconf 84' lang='lat' dir='ltr'><strong>potest,</strong></span> <span class='ocrx_word' id='word_1_126' title='bbox 1122 1954 1202 2037; x_wconf 87' lang='lat' dir='ltr'><strong>quin</strong></span> <span class='ocrx_word' id='word_1_127' title='bbox 1225 1956 1331 2020; x_wconf 85' lang='lat' dir='ltr'><strong>maxi-</strong></span> 
     </span>
     <span class='ocr_line' id='line_1_15' title="bbox 169 2058 1330 2141; baseline -0.002 -17"><span class='ocrx_word' id='word_1_128' title='bbox 169 2078 262 2124; x_wconf 87' lang='lat' dir='ltr'><strong>mam</strong></span> <span class='ocrx_word' id='word_1_129' title='bbox 297 2063 385 2124; x_wconf 86' lang='lat' dir='ltr'><strong>certe</strong></span> <span class='ocrx_word' id='word_1_130' title='bbox 418 2061 548 2141; x_wconf 84' lang='lat' dir='ltr'><strong>partem</strong></span> <span class='ocrx_word' id='word_1_131' title='bbox 581 2058 663 2140; x_wconf 88' lang='lat' dir='ltr'><strong>ipsis</strong></span> <span class='ocrx_word' id='word_1_132' title='bbox 688 2058 880 2123; x_wconf 88' lang='lat' dir='ltr'><strong>scholiastis</strong></span> <span class='ocrx_word' id='word_1_133' title='bbox 911 2058 1095 2124; x_wconf 85' lang='lat' dir='ltr'><strong>debeantur</strong></span> <span class='ocrx_word' id='word_1_134' title='bbox 1128 2078 1166 2122; x_wconf 89' lang='lat' dir='ltr'><strong>ac</strong></span> <span class='ocrx_word' id='word_1_135' title='bbox 1196 2059 1237 2123; x_wconf 90' lang='lat' dir='ltr'><strong>de</strong></span> <span class='ocrx_word' id='word_1_136' title='bbox 1264 2059 1330 2123; x_wconf 92' lang='lat' dir='ltr'><strong>ori-</strong></span> 
     </span>
     <span class='ocr_line' id='line_1_16' title="bbox 169 2161 1013 2245; baseline -0.001 -18"><span class='ocrx_word' id='word_1_137' title='bbox 169 2164 249 2244; x_wconf 81' lang='lat' dir='ltr'><strong>gine</strong></span> <span class='ocrx_word' id='word_1_138' title='bbox 276 2162 479 2228; x_wconf 87' lang='lat' dir='ltr'><strong>Heliodorea</strong></span> <span class='ocrx_word' id='word_1_139' title='bbox 506 2181 548 2226; x_wconf 90' lang='lat' dir='ltr'><strong>ne</strong></span> <span class='ocrx_word' id='word_1_140' title='bbox 579 2161 717 2242; x_wconf 84' lang='lat' dir='ltr'><strong>cogitari</strong></span> <span class='ocrx_word' id='word_1_141' title='bbox 739 2161 874 2245; x_wconf 89' lang='lat' dir='ltr'><strong>quidem</strong></span> <span class='ocrx_word' id='word_1_142' title='bbox 894 2161 1013 2245; x_wconf 83' lang='lat' dir='ltr'><strong>possit.</strong></span> 
     </span>
    </p>
   </div>
   <div class='ocr_carea' id='block_1_2' title="bbox 167 2297 1330 4032">
    <p class='ocr_par' dir='ltr' id='par_1_2' title="bbox 167 2297 1330 4032">
     <span class='ocr_line' id='line_1_17' title="bbox 257 2297 1330 2375; baseline 0.001 -12"><span class='ocrx_word' id='word_1_143' title='bbox 257 2299 375 2364; x_wconf 90' lang='lat' dir='ltr'><strong>Hensii</strong></span> <span class='ocrx_word' id='word_1_144' title='bbox 399 2299 591 2364; x_wconf 87' lang='lat' dir='ltr'><strong>coniectura</strong></span> <span class='ocrx_word' id='word_1_145' title='bbox 613 2298 756 2364; x_wconf 86' lang='lat' dir='ltr'><strong>refutata</strong></span> <span class='ocrx_word' id='word_1_146' title='bbox 778 2297 992 2363; x_wconf 87' lang='lat' dir='ltr'><strong>statuendum</strong></span> <span class='ocrx_word' id='word_1_147' title='bbox 1015 2302 1076 2375; x_wconf 85' lang='lat' dir='ltr'><strong>est,</strong></span> <span class='ocrx_word' id='word_1_148' title='bbox 1105 2299 1196 2363; x_wconf 88' lang='lat' dir='ltr'><strong>nulla</strong></span> <span class='ocrx_word' id='word_1_149' title='bbox 1223 2299 1258 2363; x_wconf 90' lang='lat' dir='ltr'><strong>in</strong></span> <span class='ocrx_word' id='word_1_150' title='bbox 1281 2299 1330 2364; x_wconf 91' lang='lat' dir='ltr'><strong>eis</strong></span> 
     </span>
     <span class='ocr_line' id='line_1_18' title="bbox 170 2399 1329 2485; baseline -0.001 -18"><span class='ocrx_word' id='word_1_151' title='bbox 170 2403 214 2468; x_wconf 89' lang='lat' dir='ltr'><strong>de</strong></span> <span class='ocrx_word' id='word_1_152' title='bbox 238 2403 357 2485; x_wconf 91' lang='lat' dir='ltr'><strong>quibus</strong></span> <span class='ocrx_word' id='word_1_153' title='bbox 380 2401 488 2482; x_wconf 84' lang='lat' dir='ltr'><strong>agitur</strong></span> <span class='ocrx_word' id='word_1_154' title='bbox 511 2399 648 2465; x_wconf 90' lang='lat' dir='ltr'><strong>scholiis</strong></span> <span class='ocrx_word' id='word_1_155' title='bbox 672 2399 844 2465; x_wconf 88' lang='lat' dir='ltr'><strong>doctrinae</strong></span> <span class='ocrx_word' id='word_1_156' title='bbox 866 2399 1088 2465; x_wconf 91' lang='lat' dir='ltr'><strong>Heliodoreae</strong></span> <span class='ocrx_word' id='word_1_157' title='bbox 1109 2401 1250 2484; x_wconf 83' lang='lat' dir='ltr'><strong>vestigia</strong></span> <span class='ocrx_word' id='word_1_158' title='bbox 1272 2402 1329 2467; x_wconf 92' lang='lat' dir='ltr'><strong>de·</strong></span> 
     </span>
     <span class='ocr_line' id='line_1_19' title="bbox 168 2501 1330 2588; baseline 0 -18"><span class='ocrx_word' id='word_1_159' title='bbox 168 2505 344 2588; x_wconf 88' lang='lat' dir='ltr'><strong>prehendi.</strong></span> <span class='ocrx_word' id='word_1_160' title='bbox 394 2504 567 2568; x_wconf 87' lang='lat' dir='ltr'><strong>Pertinere</strong></span> <span class='ocrx_word' id='word_1_161' title='bbox 596 2501 725 2568; x_wconf 90' lang='lat' dir='ltr'><strong>scholia</strong></span> <span class='ocrx_word' id='word_1_162' title='bbox 758 2503 793 2566; x_wconf 90' lang='lat' dir='ltr'><strong>in</strong></span> <span class='ocrx_word' id='word_1_163' title='bbox 821 2503 1014 2569; x_wconf 89' lang='lat' dir='ltr'><strong>universum</strong></span> <span class='ocrx_word' id='word_1_164' title='bbox 1041 2503 1085 2568; x_wconf 88' lang='lat' dir='ltr'><strong>ad</strong></span> <span class='ocrx_word' id='word_1_165' title='bbox 1109 2507 1330 2585; x_wconf 83' lang='lat' dir='ltr'><strong>posteriorem</strong></span> 
     </span>
     <span class='ocr_line' id='line_1_20' title="bbox 170 2607 1330 2691; baseline -0.002 -16"><span class='ocrx_word' id='word_1_166' title='bbox 170 2609 450 2675; x_wconf 89' lang='lat' dir='ltr'><strong>commentarium</strong></span> <span class='ocrx_word' id='word_1_167' title='bbox 474 2608 574 2673; x_wconf 89' lang='lat' dir='ltr'><strong>etiam</strong></span> <span class='ocrx_word' id='word_1_168' title='bbox 597 2608 706 2672; x_wconf 91' lang='lat' dir='ltr'><strong>obiter</strong></span> <span class='ocrx_word' id='word_1_169' title='bbox 728 2607 945 2689; x_wconf 86' lang='lat' dir='ltr'><strong>perlustranti</strong></span> <span class='ocrx_word' id='word_1_170' title='bbox 968 2611 1116 2690; x_wconf 89' lang='lat' dir='ltr'><strong>apparet,</strong></span> <span class='ocrx_word' id='word_1_171' title='bbox 1140 2607 1200 2672; x_wconf 90' lang='lat' dir='ltr'><strong>sed</strong></span> <span class='ocrx_word' id='word_1_172' title='bbox 1214 2610 1330 2691; x_wconf 87' lang='lat' dir='ltr'><strong>negari</strong></span> 
     </span>
     <span class='ocr_line' id='line_1_21' title="bbox 168 2710 1330 2797; baseline 0 -20"><span class='ocrx_word' id='word_1_173' title='bbox 168 2714 287 2797; x_wconf 91' lang='lat' dir='ltr'><strong>nequit</strong></span> <span class='ocrx_word' id='word_1_174' title='bbox 316 2731 432 2776; x_wconf 90' lang='lat' dir='ltr'><strong>eorum</strong></span> <span class='ocrx_word' id='word_1_175' title='bbox 459 2715 588 2794; x_wconf 91' lang='lat' dir='ltr'><strong>partem</strong></span> <span class='ocrx_word' id='word_1_176' title='bbox 609 2710 753 2794; x_wconf 89' lang='lat' dir='ltr'><strong>prodere</strong></span> <span class='ocrx_word' id='word_1_177' title='bbox 775 2711 1022 2776; x_wconf 86' lang='lat' dir='ltr'><strong>enarrationem</strong></span> <span class='ocrx_word' id='word_1_178' title='bbox 1044 2710 1222 2794; x_wconf 86' lang='lat' dir='ltr'><strong>quandam,</strong></span> <span class='ocrx_word' id='word_1_179' title='bbox 1245 2732 1330 2794; x_wconf 90' lang='lat' dir='ltr'><strong>quae</strong></span> 
     </span>
     <span class='ocr_line' id='line_1_22' title="bbox 168 2813 1328 2898; baseline -0.003 -16"><span class='ocrx_word' id='word_1_180' title='bbox 168 2818 214 2882; x_wconf 83' lang='lat' dir='ltr'><strong>ab</strong></span> <span class='ocrx_word' id='word_1_181' title='bbox 238 2820 378 2898; x_wconf 91' lang='lat' dir='ltr'><strong>utroque</strong></span> <span class='ocrx_word' id='word_1_182' title='bbox 400 2814 640 2879; x_wconf 89' lang='lat' dir='ltr'><strong>commentario</strong></span> <span class='ocrx_word' id='word_1_183' title='bbox 669 2813 824 2879; x_wconf 91' lang='lat' dir='ltr'><strong>nonnihil</strong></span> <span class='ocrx_word' id='word_1_184' title='bbox 852 2814 897 2878; x_wconf 90' lang='lat' dir='ltr'><strong>sit</strong></span> <span class='ocrx_word' id='word_1_185' title='bbox 924 2813 1065 2879; x_wconf 86' lang='lat' dir='ltr'><strong>diversa.</strong></span> <span class='ocrx_word' id='word_1_186' title='bbox 1115 2814 1196 2878; x_wconf 91' lang='lat' dir='ltr'><strong>Vide</strong></span> <span class='ocrx_word' id='word_1_187' title='bbox 1225 2815 1328 2879; x_wconf 93' lang='lat' dir='ltr'><strong>schol.</strong></span> 
     </span>
     <span class='ocr_line' id='line_1_23' title="bbox 169 2913 1330 3003; baseline -0.002 -19"><span class='ocrx_word' id='word_1_188' title='bbox 169 2942 203 3003; x_wconf 94' lang='lat' dir='ltr'><strong>p.</strong></span> <span class='ocrx_word' id='word_1_189' title='bbox 219 2920 291 2984; x_wconf 91' lang='lat' dir='ltr'><strong>Xlll</strong></span> <span class='ocrx_word' id='word_1_190' title='bbox 309 2920 348 2985; x_wconf 80' lang='lat'><strong>14</strong></span> <span class='ocrx_word' id='word_1_191' title='bbox 363 2940 434 3002; x_wconf 87' lang='lat' dir='ltr'><strong>sqq.</strong></span> <span class='ocrx_word' id='word_1_192' title='bbox 450 2916 527 3000; x_wconf 79' lang='grc' dir='ltr'>Περὶ</span> <span class='ocrx_word' id='word_1_193' title='bbox 546 2914 661 2981; x_wconf 82' lang='grc' dir='ltr'>τούτων</span> <span class='ocrx_word' id='word_1_194' title='bbox 683 2918 738 2980; x_wconf 84' lang='grc' dir='ltr'><strong>καὶ</strong></span> <span class='ocrx_word' id='word_1_195' title='bbox 759 2916 791 2980; x_wconf 82' lang='grc' dir='ltr'><strong>ἐν</strong></span> <span class='ocrx_word' id='word_1_196' title='bbox 812 2920 850 3001; x_wconf 70' lang='grc' dir='ltr'><strong>τῇ</strong></span> <span class='ocrx_word' id='word_1_197' title='bbox 875 2916 1001 3002; x_wconf 75' lang='grc' dir='ltr'>εἰσβολῇ</span> <span class='ocrx_word' id='word_1_198' title='bbox 1017 2913 1249 3002; x_wconf 77' lang='grc' dir='ltr'>ἐπεσημήνατο·</span> <span class='ocrx_word' id='word_1_199' title='bbox 1270 2923 1330 2982; x_wconf 81' lang='grc' dir='ltr'><strong>τῶν</strong></span> 
     </span>
     <span class='ocr_line' id='line_1_24' title="bbox 169 3015 1329 3108; baseline -0.003 -22"><span class='ocrx_word' id='word_1_200' title='bbox 169 3020 234 3108; x_wconf 80' lang='grc' dir='ltr'><strong>γὰρ</strong></span> <span class='ocrx_word' id='word_1_201' title='bbox 257 3020 375 3107; x_wconf 77' lang='grc' dir='ltr'>μέτρων</span> <span class='ocrx_word' id='word_1_202' title='bbox 396 3020 435 3084; x_wconf 86' lang='grc' dir='ltr'><strong>τοὶ</strong></span> <span class='ocrx_word' id='word_1_203' title='bbox 458 3020 512 3106; x_wconf 78' lang='grc' dir='ltr'><strong>μὲν</strong></span> <span class='ocrx_word' id='word_1_204' title='bbox 534 3017 592 3083; x_wconf 77' lang='grc' dir='ltr'><strong>ὑπὸ</strong></span> <span class='ocrx_word' id='word_1_205' title='bbox 615 3018 719 3101; x_wconf 82' lang='grc' dir='ltr'>ποδός,</span> <span class='ocrx_word' id='word_1_206' title='bbox 741 3016 780 3082; x_wconf 83' lang='grc' dir='ltr'><strong>τὰ</strong></span> <span class='ocrx_word' id='word_1_207' title='bbox 802 3019 837 3083; x_wconf 81' lang='grc' dir='ltr'><strong>δὲ</strong></span> <span class='ocrx_word' id='word_1_208' title='bbox 865 3015 924 3083; x_wconf 79' lang='grc' dir='ltr'><strong>ὑπὸ</strong></span> <span class='ocrx_word' id='word_1_209' title='bbox 946 3018 1099 3103; x_wconf 80' lang='grc' dir='ltr'>συζυγίας,</span> <span class='ocrx_word' id='word_1_210' title='bbox 1128 3016 1169 3095; x_wconf 74' lang='grc' dir='ltr'><strong>ὥς</strong></span> <span class='ocrx_word' id='word_1_211' title='bbox 1195 3018 1235 3084; x_wconf 83' lang='grc' dir='ltr'><strong>τὰ</strong></span> <span class='ocrx_word' id='word_1_212' title='bbox 1261 3020 1329 3105; x_wconf 80' lang='grc' dir='ltr'>ἰαμ-</span> 
     </span>
     <span class='ocr_line' id='line_1_25' title="bbox 170 3118 1329 3213; baseline -0.002 -24"><span class='ocrx_word' id='word_1_213' title='bbox 170 3122 247 3213; x_wconf 83' lang='grc' dir='ltr'><strong>βικά</strong></span> <span class='ocrx_word' id='word_1_214' title='bbox 268 3123 383 3188; x_wconf 82' lang='grc' dir='ltr'>καὶτὰ</span> <span class='ocrx_word' id='word_1_215' title='bbox 405 3122 507 3210; x_wconf 84' lang='grc' dir='ltr'>ὅμοια,</span> <span class='ocrx_word' id='word_1_216' title='bbox 529 3119 568 3186; x_wconf 78' lang='grc' dir='ltr'><strong>τὰ</strong></span> <span class='ocrx_word' id='word_1_217' title='bbox 590 3122 626 3186; x_wconf 84' lang='grc' dir='ltr'><strong>δὲ</strong></span> <span class='ocrx_word' id='word_1_218' title='bbox 653 3119 711 3187; x_wconf 82' lang='grc' dir='ltr'><strong>ὑπὸ</strong></span> <span class='ocrx_word' id='word_1_219' title='bbox 733 3118 878 3206; x_wconf 83' lang='grc' dir='ltr'>περιόδου</span> <span class='ocrx_word' id='word_1_220' title='bbox 906 3130 1158 3207; x_wconf 84' lang='grc' dir='ltr'>καταμετρεῖται·</span> <span class='ocrx_word' id='word_1_221' title='bbox 1186 3123 1329 3206; x_wconf 82' lang='grc' dir='ltr'>περίοδος</span> 
     </span>
     <span class='ocr_line' id='line_1_26' title="bbox 167 3223 1328 3312; baseline -0.003 -19"><span class='ocrx_word' id='word_1_222' title='bbox 167 3228 205 3293; x_wconf 80' lang='grc' dir='ltr'>δέ</span> <span class='ocrx_word' id='word_1_223' title='bbox 220 3228 299 3293; x_wconf 86' lang='grc' dir='ltr'>ἐστιν</span> <span class='ocrx_word' id='word_1_224' title='bbox 310 3226 388 3306; x_wconf 75' lang='grc' dir='ltr'><strong>κτλ,</strong></span> <span class='ocrx_word' id='word_1_225' title='bbox 399 3227 457 3291; x_wconf 92' lang='lat' dir='ltr'><strong>ubi</strong></span> <span class='ocrx_word' id='word_1_226' title='bbox 472 3223 493 3309; x_wconf 77' lang='grc' dir='ltr'><strong><em>ἡ</em></strong></span> <span class='ocrx_word' id='word_1_227' title='bbox 506 3224 633 3312; x_wconf 77' lang='grc' dir='ltr'>εἰσβολή</span> <span class='ocrx_word' id='word_1_228' title='bbox 653 3225 737 3290; x_wconf 91' lang='lat' dir='ltr'><strong>nihil</strong></span> <span class='ocrx_word' id='word_1_229' title='bbox 750 3246 825 3290; x_wconf 90' lang='lat' dir='ltr'><strong>esse</strong></span> <span class='ocrx_word' id='word_1_230' title='bbox 837 3228 951 3308; x_wconf 92' lang='lat' dir='ltr'><strong>potest</strong></span> <span class='ocrx_word' id='word_1_231' title='bbox 962 3224 1029 3289; x_wconf 91' lang='lat' dir='ltr'><strong>nisi</strong></span> <span class='ocrx_word' id='word_1_232' title='bbox 1041 3224 1145 3306; x_wconf 91' lang='lat' dir='ltr'><strong>ipsius</strong></span> <span class='ocrx_word' id='word_1_233' title='bbox 1158 3244 1328 3290; x_wconf 92' lang='lat' dir='ltr'><strong>commen-</strong></span> 
     </span>
     <span class='ocr_line' id='line_1_27' title="bbox 169 3328 1327 3413; baseline -0.003 -17"><span class='ocrx_word' id='word_1_234' title='bbox 169 3330 259 3409; x_wconf 85' lang='lat' dir='ltr'><strong>tarii,</strong></span> <span class='ocrx_word' id='word_1_235' title='bbox 293 3331 335 3395; x_wconf 85' lang='lat' dir='ltr'><strong>ad</strong></span> <span class='ocrx_word' id='word_1_236' title='bbox 369 3350 466 3413; x_wconf 91' lang='lat' dir='ltr'><strong>quem</strong></span> <span class='ocrx_word' id='word_1_237' title='bbox 501 3329 630 3394; x_wconf 88' lang='lat' dir='ltr'><strong>scholia</strong></span> <span class='ocrx_word' id='word_1_238' title='bbox 662 3329 841 3412; x_wconf 89' lang='lat' dir='ltr'><strong>pertinent,</strong></span> <span class='ocrx_word' id='word_1_239' title='bbox 875 3332 933 3393; x_wconf 91' lang='lat' dir='ltr'><strong>aut</strong></span> <span class='ocrx_word' id='word_1_240' title='bbox 955 3328 1132 3393; x_wconf 90' lang='lat' dir='ltr'><strong>enchiridii</strong></span> <span class='ocrx_word' id='word_1_241' title='bbox 1153 3330 1327 3410; x_wconf 86' lang='lat' dir='ltr'><strong>praefatio.</strong></span> 
     </span>
     <span class='ocr_line' id='line_1_28' title="bbox 167 3431 1327 3519; baseline -0.003 -19"><span class='ocrx_word' id='word_1_242' title='bbox 167 3436 285 3519; x_wconf 88' lang='lat' dir='ltr'><strong>Neque</strong></span> <span class='ocrx_word' id='word_1_243' title='bbox 307 3453 385 3499; x_wconf 90' lang='lat' dir='ltr'><strong>vero</strong></span> <span class='ocrx_word' id='word_1_244' title='bbox 409 3435 444 3498; x_wconf 89' lang='lat' dir='ltr'><strong>in</strong></span> <span class='ocrx_word' id='word_1_245' title='bbox 467 3433 709 3498; x_wconf 88' lang='lat' dir='ltr'><strong>commentario</strong></span> <span class='ocrx_word' id='word_1_246' title='bbox 733 3451 840 3514; x_wconf 89' lang='lat' dir='ltr'><strong>neque</strong></span> <span class='ocrx_word' id='word_1_247' title='bbox 862 3432 898 3496; x_wconf 92' lang='lat' dir='ltr'><strong>in</strong></span> <span class='ocrx_word' id='word_1_248' title='bbox 922 3431 1108 3496; x_wconf 91' lang='lat' dir='ltr'><strong>enchiridio</strong></span> <span class='ocrx_word' id='word_1_249' title='bbox 1132 3451 1239 3516; x_wconf 89' lang='lat' dir='ltr'><strong>neque</strong></span> <span class='ocrx_word' id='word_1_250' title='bbox 1256 3452 1327 3497; x_wconf 92' lang='lat' dir='ltr'><strong>om·</strong></span> 
     </span>
     <span class='ocr_line' id='line_1_29' title="bbox 168 3534 1327 3619; baseline -0.003 -16"><span class='ocrx_word' id='word_1_251' title='bbox 168 3538 253 3603; x_wconf 90' lang='lat' dir='ltr'><strong>nino</strong></span> <span class='ocrx_word' id='word_1_252' title='bbox 290 3538 324 3602; x_wconf 92' lang='lat' dir='ltr'><strong>in</strong></span> <span class='ocrx_word' id='word_1_253' title='bbox 359 3536 496 3601; x_wconf 87' lang='lat' dir='ltr'><strong>scholiis</strong></span> <span class='ocrx_word' id='word_1_254' title='bbox 531 3534 811 3619; x_wconf 87' lang='lat' dir='ltr'><strong>Hephaestioneis</strong></span> <span class='ocrx_word' id='word_1_255' title='bbox 844 3535 911 3599; x_wconf 89' lang='lat' dir='ltr'><strong>tale</strong></span> <span class='ocrx_word' id='word_1_256' title='bbox 945 3535 1025 3617; x_wconf 92' lang='lat' dir='ltr'><strong>quid</strong></span> <span class='ocrx_word' id='word_1_257' title='bbox 1058 3535 1327 3617; x_wconf 90' lang='lat' dir='ltr'><strong>deprehenditur.</strong></span> 
     </span>
     <span class='ocr_line' id='line_1_30' title="bbox 168 3638 1329 3723; baseline -0.004 -17"><span class='ocrx_word' id='word_1_258' title='bbox 168 3644 216 3707; x_wconf 85' lang='lat' dir='ltr'><strong>At</strong></span> <span class='ocrx_word' id='word_1_259' title='bbox 232 3659 330 3705; x_wconf 93' lang='lat' dir='ltr'><strong>nemo</strong></span> <span class='ocrx_word' id='word_1_260' title='bbox 354 3642 443 3705; x_wconf 89' lang='lat' dir='ltr'><strong>certe</strong></span> <span class='ocrx_word' id='word_1_261' title='bbox 463 3640 597 3723; x_wconf 81' lang='lat' dir='ltr'><strong>negabit</strong></span> <span class='ocrx_word' id='word_1_262' title='bbox 617 3638 808 3704; x_wconf 91' lang='lat' dir='ltr'><strong>huiusmodi</strong></span> <span class='ocrx_word' id='word_1_263' title='bbox 830 3638 1078 3703; x_wconf 86' lang='lat' dir='ltr'><strong>enarrationem</strong></span> <span class='ocrx_word' id='word_1_264' title='bbox 1101 3638 1329 3720; x_wconf 86' lang='lat' dir='ltr'><strong>explanationi</strong></span> 
     </span>
     <span class='ocr_line' id='line_1_31' title="bbox 168 3740 1329 3828; baseline -0.003 -19"><span class='ocrx_word' id='word_1_265' title='bbox 168 3745 243 3828; x_wconf 81' lang='grc' dir='ltr'><strong>περὶ</strong></span> <span class='ocrx_word' id='word_1_266' title='bbox 271 3740 443 3828; x_wconf 78' lang='grc' dir='ltr'>ποιήματος</span> <span class='ocrx_word' id='word_1_267' title='bbox 470 3742 600 3806; x_wconf 89' lang='lat' dir='ltr'><strong>ineunti</strong></span> <span class='ocrx_word' id='word_1_268' title='bbox 630 3760 790 3824; x_wconf 89' lang='lat' dir='ltr'><strong>perquam</strong></span> <span class='ocrx_word' id='word_1_269' title='bbox 813 3740 1102 3805; x_wconf 83' lang='lat' dir='ltr'><strong>accommodatam</strong></span> <span class='ocrx_word' id='word_1_270' title='bbox 1135 3761 1220 3819; x_wconf 87' lang='lat' dir='ltr'><strong>esse,</strong></span> <span class='ocrx_word' id='word_1_271' title='bbox 1255 3760 1329 3805; x_wconf 91' lang='lat' dir='ltr'><strong>cum</strong></span> 
     </span>
     <span class='ocr_line' id='line_1_32' title="bbox 167 3842 1328 3931; baseline -0.003 -19"><span class='ocrx_word' id='word_1_272' title='bbox 167 3846 370 3931; x_wconf 87' lang='lat' dir='ltr'><strong>praesertim</strong></span> <span class='ocrx_word' id='word_1_273' title='bbox 392 3846 427 3910; x_wconf 90' lang='lat' dir='ltr'><strong>in</strong></span> <span class='ocrx_word' id='word_1_274' title='bbox 439 3844 575 3911; x_wconf 86' lang='lat' dir='ltr'><strong>alterius</strong></span> <span class='ocrx_word' id='word_1_275' title='bbox 594 3844 825 3911; x_wconf 88' lang='lat' dir='ltr'><strong>commentarii</strong></span> <span class='ocrx_word' id='word_1_276' title='bbox 842 3842 937 3907; x_wconf 89' lang='lat' dir='ltr'><strong>initio</strong></span> <span class='ocrx_word' id='word_1_277' title='bbox 956 3844 996 3907; x_wconf 90' lang='lat' dir='ltr'><strong>de</strong></span> <span class='ocrx_word' id='word_1_278' title='bbox 1012 3842 1121 3920; x_wconf 77' lang='lat' dir='ltr'><strong>stichi</strong></span> <span class='ocrx_word' id='word_1_279' title='bbox 1139 3844 1214 3923; x_wconf 85' lang='lat' dir='ltr'><strong>coli,</strong></span> <span class='ocrx_word' id='word_1_280' title='bbox 1237 3864 1328 3909; x_wconf 89' lang='lat' dir='ltr'><strong>com-</strong></span> 
     </span>
     <span class='ocr_line' id='line_1_33' title="bbox 167 3946 1129 4032; baseline -0.009 -15"><span class='ocrx_word' id='word_1_281' title='bbox 167 3950 283 4028; x_wconf 87' lang='lat' dir='ltr'><strong>matis,</strong></span> <span class='ocrx_word' id='word_1_282' title='bbox 307 3949 497 4032; x_wconf 85' lang='lat' dir='ltr'><strong>systematis</strong></span> <span class='ocrx_word' id='word_1_283' title='bbox 521 3947 772 4014; x_wconf 89' lang='lat' dir='ltr'><strong>delinitionibus</strong></span> <span class='ocrx_word' id='word_1_284' title='bbox 789 3947 914 4012; x_wconf 86' lang='lat' dir='ltr'><strong>diserte</strong></span> <span class='ocrx_word' id='word_1_285' title='bbox 937 3946 1129 4029; x_wconf 89' lang='lat' dir='ltr'><strong>explicetur.</strong></span> 
     </span>
    </p>
   </div>
   <div class='ocr_carea' id='block_1_3' title="bbox 166 4082 1328 4258">
    <p class='ocr_par' dir='ltr' id='par_1_3' title="bbox 166 4082 1328 4258">
     <span class='ocr_line' id='line_1_34' title="bbox 257 4082 1328 4170; baseline -0.001 -18"><span class='ocrx_word' id='word_1_286' title='bbox 257 4087 365 4152; x_wconf 83' lang='lat' dir='ltr'><strong>Etiam</strong></span> <span class='ocrx_word' id='word_1_287' title='bbox 388 4086 542 4170; x_wconf 81' lang='lat' dir='ltr'><strong>graviora</strong></span> <span class='ocrx_word' id='word_1_288' title='bbox 565 4090 642 4151; x_wconf 92' lang='lat' dir='ltr'><strong>sunt</strong></span> <span class='ocrx_word' id='word_1_289' title='bbox 658 4106 742 4170; x_wconf 90' lang='lat' dir='ltr'><strong>quae</strong></span> <span class='ocrx_word' id='word_1_290' title='bbox 759 4084 801 4150; x_wconf 90' lang='lat' dir='ltr'><strong>ad</strong></span> <span class='ocrx_word' id='word_1_291' title='bbox 819 4083 950 4170; x_wconf 83' lang='grc' dir='ltr'>μετρικοὶ</span> <span class='ocrx_word' id='word_1_292' title='bbox 965 4082 1087 4147; x_wconf 80' lang='grc' dir='ltr'>ἄτακτα</span> <span class='ocrx_word' id='word_1_293' title='bbox 1102 4103 1122 4148; x_wconf 87' lang='lat' dir='ltr'><strong>a</strong></span> <span class='ocrx_word' id='word_1_294' title='bbox 1137 4085 1328 4151; x_wconf 89' lang='lat' dir='ltr'><strong>scholiastis</strong></span> 
     </span>
     <span class='ocr_line' id='line_1_35' title="bbox 166 4191 652 4258; baseline -0.004 -1"><span class='ocrx_word' id='word_1_295' title='bbox 166 4193 384 4258; x_wconf 87' lang='lat' dir='ltr'><strong>adnotantur.</strong></span> <span class='ocrx_word' id='word_1_296' title='bbox 429 4191 514 4256; x_wconf 85' lang='lat' dir='ltr'><strong>Ecce</strong></span> <span class='ocrx_word' id='word_1_297' title='bbox 538 4191 652 4255; x_wconf 90' lang='lat' dir='ltr'><strong>insunt</strong></span> 
     </span>
    </p>
   </div>
   <div class='ocr_carea' id='block_1_4' title="bbox 170 4364 375 4376">
    <p class='ocr_par' dir='ltr' id='par_1_4' title="bbox 170 4364 375 4376">
     <span class='ocr_line' id='line_1_36' title="bbox 170 4364 375 4376; baseline -0.015 -1"><span class='ocrx_word' id='word_1_298' title='bbox 170 4364 375 4376; x_wconf 82' lang='lat'><strong>........-—--</strong></span> 
     </span>
    </p>
   </div>
   <div class='ocr_carea' id='block_1_5' title="bbox 167 4461 1328 4626">
    <p class='ocr_par' dir='ltr' id='par_1_5' title="bbox 167 4461 1328 4626">
     <span class='ocr_line' id='line_1_37' title="bbox 259 4461 1328 4533; baseline -0.001 -16"><span class='ocrx_word' id='word_1_299' title='bbox 259 4463 279 4533; x_wconf 90' lang='lat'><strong>¹)</strong></span> <span class='ocrx_word' id='word_1_300' title='bbox 297 4464 331 4518; x_wconf 86' lang='lat' dir='ltr'><strong>ct.</strong></span> <span class='ocrx_word' id='word_1_301' title='bbox 346 4464 447 4519; x_wconf 82' lang='lat' dir='ltr'><strong>Alsred.</strong></span> <span class='ocrx_word' id='word_1_302' title='bbox 460 4462 586 4532; x_wconf 77' lang='lat' dir='ltr'><strong>Hilgard:</strong></span> <span class='ocrx_word' id='word_1_303' title='bbox 603 4465 637 4519; x_wconf 91' lang='lat' dir='ltr'><strong>de</strong></span> <span class='ocrx_word' id='word_1_304' title='bbox 653 4464 718 4517; x_wconf 87' lang='lat' dir='ltr'><strong>artis</strong></span> <span class='ocrx_word' id='word_1_305' title='bbox 733 4463 927 4531; x_wconf 77' lang='lat' dir='ltr'><strong>grammaticae</strong></span> <span class='ocrx_word' id='word_1_306' title='bbox 943 4464 977 4517; x_wconf 89' lang='lat' dir='ltr'><strong>ab</strong></span> <span class='ocrx_word' id='word_1_307' title='bbox 992 4461 1123 4531; x_wconf 79' lang='lat' dir='ltr'><strong>Dionysio</strong></span> <span class='ocrx_word' id='word_1_308' title='bbox 1139 4461 1246 4515; x_wconf 89' lang='lat' dir='ltr'><strong>Thrace</strong></span> <span class='ocrx_word' id='word_1_309' title='bbox 1257 4476 1328 4516; x_wconf 80' lang='lat' dir='ltr'><strong>conr·</strong></span> 
     </span>
     <span class='ocr_line' id='line_1_38' title="bbox 167 4550 944 4626; baseline -0.004 -20"><span class='ocrx_word' id='word_1_310' title='bbox 167 4551 280 4626; x_wconf 82' lang='lat' dir='ltr'><strong>positae</strong></span> <span class='ocrx_word' id='word_1_311' title='bbox 298 4551 567 4621; x_wconf 82' lang='lat' dir='ltr'><strong>interpretationibus</strong></span> <span class='ocrx_word' id='word_1_312' title='bbox 597 4550 743 4606; x_wconf 83' lang='lat' dir='ltr'><strong>veteribus.</strong></span> <span class='ocrx_word' id='word_1_313' title='bbox 775 4550 849 4621; x_wconf 86' lang='lat' dir='ltr'><strong>Lips.</strong></span> <span class='ocrx_word' id='word_1_314' title='bbox 870 4550 944 4604; x_wconf 85' lang='lat'><strong>1880.</strong></span> 
     </span>
    </p>
   </div>
   <div class='ocr_carea' id='block_1_6' title="bbox 0 0 1734 5200">
    <p class='ocr_par' dir='ltr' id='par_1_6' title="bbox 0 0 1734 5200">
     <span class='ocr_line' id='line_1_39' title="bbox 0 0 1734 5200; baseline 0 0"><span class='ocrx_word' id='word_1_315' title='bbox 0 0 1734 5200; x_wconf 95' lang='lat' dir='ltr'><strong> </strong></span> 
     </span>
    </p>
   </div>
  </div>
 </body>
</html>
