3459 5200
697 549 738 618 lo

130 765 197 826 tam
225 755 422 826 adversatur
439 757 548 826 Crusii
571 763 792 842 coniecturae,
821 762 878 846 qui
906 761 941 826 in
965 759 1152 827 Comment.
1174 755 1291 842 philol.

131 864 313 930 Ribbeckio
334 863 456 928 oblatis
480 863 582 946 (Lips.
609 865 703 948 1888)
726 885 758 947 p.
784 865 822 928 15
845 865 922 929 adn.
944 866 964 928 8
987 863 1163 946 proposuit
1183 861 1300 945 γίνεται

131 967 192 1051 γάρ
215 965 320 1052 ὥσπερ
347 963 433 1052 τριὰς
459 964 598 1052 ἐπῳδιιιὴ
628 965 669 1045 ὡς
695 965 735 1032 τά
762 989 800 1052 γε
832 967 963 1032 πλεῖστοι
990 963 1144 1052 Πινδάρου
1172 967 1227 1030 καὶ
1248 963 1299 1030 Σι-

131 1069 265 1156 μωνίδου
294 1069 461 1155 πεποίηται
488 1068 584 1148 οὕτως
612 1073 668 1134 καὶ
692 1071 801 1155 τετρὰς
829 1072 883 1136 καὶ
904 1069 1015 1147 πεντάς
1036 1071 1092 1134 καὶ
1114 1071 1164 1134 ἐπὶ
1184 1071 1299 1137 πλεῖον.

135 1175 261 1240 Contra
294 1175 520 1254 Barhamium‚
555 1195 630 1240 cum
663 1177 766 1240 verba
799 1171 942 1259 δηλονότι
980 1211 1023 1220 -
1056 1173 1223 1258 πεποίηται
1255 1175 1299 1238 ad

132 1299 239 1360 genus
263 1279 439 1361 epodicum
461 1279 612 1356 referret,
635 1297 696 1344 acu
716 1298 788 1344 rem
803 1278 954 1360 tetigisse
970 1279 1184 1344 confirmatur
1198 1277 1300 1342 etiarn

130 1381 236 1447 isaaci
278 1383 418 1470 Tzetzae
453 1386 486 1447 et
525 1382 726 1448 scholiastae
761 1381 975 1447 testimoniis.
1036 1383 1174 1446 Tzetzes
1210 1379 1299 1444 enirn

132 1505 239 1566 genus
263 1485 311 1550 sic
334 1485 494 1550 describit
514 1506 546 1568 p.
570 1486 622 1564 66,
648 1487 662 1549 1
690 1505 761 1570 sqq.

237 1585 324 1672 derip’
347 1587 395 1651 ἴθι
415 1587 455 1652 τά
483 1587 623 1671 ἐπῳδοιά
645 1585 818 1671 ὑποδιαιρεῖ
840 1582 933 1652 πάλιν

238 1692 293 1754 καὶ
313 1689 487 1775 τοῦσχατον
509 1691 544 1754 δὲ
565 1689 699 1774 γίνωσκε
720 1687 808 1755 ταῦτ’
833 1689 907 1756 ὄντα
930 1691 962 1754 ἐν
983 1685 1096 1775 τριάδι·

239 1791 382 1878 εὕρηνται
403 1794 458 1856 καὶ
478 1791 645 1875 τττραδιιιοὶ
673 1790 727 1857 οὐν
749 1801 811 1870 τοῖς
831 1792 1068 1876 πενταδ<ιιι>οῖς
1089 1812 1136 1875 γε,

128 1902 251 1980 postea
289 1897 429 1980 singulis
463 1895 680 1978 epodicorum
715 1896 890 1979 speciebus
924 1895 1128 1962 enumeratis
1167 1895 1212 1976 (p.
1246 1895 1298 1973 66,

130 2000 274 2082 art-30)
297 1999 338 2064 de
362 1998 473 2082 specie
496 1999 638 2080 epodica
659 1999 743 2064 haec
765 1998 882 2064 refert:

236 2101 401 2187 Ἐπῳδιιιά
423 2103 478 2187 μὲν
499 2101 642 2186 γίνωσκε,
665 2101 715 2167 ἵνα
735 2101 788 2166 τὸν
810 2099 883 2185 ὅρον
905 2102 991 2184 εἴπω,

244 2207 287 2282 οῐς
308 2227 383 2270 τισιν
406 2203 582 2288 ἐπιφέρεται
605 2200 748 2291 ἀνόμοιον
771 2202 895 2291 ὁμοίοις.

240 2413 323 2498 ἔχεις
343 2410 396 2478 τὸν
416 2411 570 2497 Πίνδαρον
592 2411 684 2479 αὐτὸν
705 2408 823 2490 τούτοις
844 2416 1094 2498 χοροστατοῦντοι
1126 2414 1299 2500 (χοροστα-

323 2515 433 2581 τοῦντοι
456 2517 576 2601 codd).

217 2620 308 2686 Idem
336 2620 466 2686 videtur
495 2621 679 2687 scholiasta
705 2642 737 2703 p.
766 2621 851 2687 XVII
878 2624 898 2685 9
923 2642 994 2705 sqq.
1024 2623 1183 2688 sensisse.
1235 2625 1299 2689 Ac·

128 2725 232 2805 cedit,
266 2725 355 2807 quod
389 2725 424 2788 in
447 2726 690 2790 commentario
719 2725 743 2803 l,
771 2746 846 2791 cum
875 2725 1016 2808 epodica
1043 2727 1178 2809 proprie
1200 2726 1299 2807 dicta,

127 2828 314 2907 mesodiea,
342 2828 504 2910 proodica
532 2829 619 2893 inter
647 2833 744 2893 terna
772 2832 955 2912 systemata
984 2829 1159 2907 contineri,
1189 2835 1300 2895 cetera

128 2952 310 2997 numerum
331 2932 515 2997 ternarium
539 2932 652 3014 egredi
675 2933 869 3010 doceantur,
897 2932 971 3015 ipsa
994 2932 1051 2996 illa
1074 2933 1115 2996 de
1136 2932 1244 2997 triade
1267 2938 1300 2998 et

132 3036 266 3101 tetrade
300 3039 333 3100 et
364 3035 510 3117 pentade
542 3040 723 3118 praecepta
755 3035 798 3100 ad
831 3055 936 3118 genus
977 3036 1154 3117 epodicum
1188 3036 1300 3101 detru-

131 3140 270 3206 duntur.
315 3140 478 3204 Tetradas
503 3138 602 3221 igitur
624 3139 660 3204 in
681 3140 814 3221 generis
838 3139 970 3222 epodioi
986 3138 1208 3220 explicatione
1223 3160 1299 3221 per-

127 3245 221 3308 bene
245 3241 289 3307 ad
310 3242 481 3325 periodica
503 3248 536 3307 et
558 3241 749 3325 palinodiae
772 3247 935 3325 spectant,
964 3243 1025 3307 sed
1052 3242 1132 3325 quid
1154 3242 1195 3307 de
1217 3263 1300 3325 pen·

129 3345 294 3412 tadibus?
343 3347 409 3411 Aut
441 3347 539 3412 fallor
571 3350 628 3411 aut
656 3346 795 3411 nimium
827 3346 1019 3428 diligentiae
1051 3347 1088 3409 in
1115 3346 1181 3410 hoc
1202 3366 1300 3411 vcca-

129 3450 214 3514 bulo
228 3448 478 3529 interpretando
494 3448 557 3513 viri
573 3449 662 3514 docti
678 3453 969 3531 consumpserunt.
1002 3450 1207 3531 Hephaestio
1220 3448 1302 3513 dicit

129 3554 177 3618 ad
209 3550 348 3634 epodica
382 3550 618 3615 constituenda
650 3550 825 3616 minimum
853 3551 960 3616 ternis
989 3570 1073 3633 opus
1096 3570 1172 3615 esse
1195 3555 1300 3634 syste-

128 3655 246 3732 matis
268 3653 427 3737 quoniam
449 3654 569 3719 adesse
585 3658 739 3736 oporteat
754 3655 927 3736 stropham
950 3654 1198 3736 antistrophon‚
1221 3674 1300 3737 epo-

130 3761 215 3825 don.
259 3757 349 3822 Nihil
383 3777 462 3822 vero
497 3757 669 3839 impedire,
704 3758 884 3841 quominus
916 3757 1013 3839 plura
1034 3762 1216 3840 systemata
1247 3759 1300 3823 vel

129 3865 299 3949 quaterna
329 3862 379 3926 vel
409 3860 511 3944 quina
539 3861 592 3926 vel
620 3862 720 3927 eliam
749 3862 846 3943 plura
874 3866 1087 3943 usurpentur.
1131 3861 1302 3939 Quaterna

128 3965 264 4033 rettulit
295 3965 339 4029 ad
370 3963 562 4046 palinodica
590 3968 623 4029 et
647 3964 833 4047 periodica;
863 3960 1009 4040 πεντάδες
1037 3965 1088 4029 vel
1117 3959 1223 4041 ἑξάδες
1249 3964 1301 4028 vel

128 4072 238 4137 etiam
260 4062 431 4153 ἑβδομάδος
459 4086 538 4132 num
569 4088 604 4132 re
627 4088 706 4133 vera
729 4068 762 4131 in
785 4088 848 4132 usu
872 4073 987 4133 essent
1016 4088 1085 4132 non
1114 4068 1220 4150 magis
1245 4088 1301 4132 cu·

128 4173 231 4251 ravit,
260 4189 359 4254 quam
386 4190 466 4235 num
494 4168 629 4255 μεσφδοί
657 4175 820 4236 extarent.
864 4171 949 4236 Nam
972 4170 1045 4234 sine
1069 4169 1169 4234 dubio
1193 4170 1221 4235 is
1245 4171 1301 4254 qui

128 4274 272 4359 scripsit
300 4270 405 4356 ὥσπερ
427 4273 462 4336 δὲ
488 4272 586 4337 ταῦτα
614 4270 798 4357 εὑρίσκεται,
827 4269 907 4337 οὕτω
935 4271 1069 4357 γένοιντο
1092 4270 1129 4335 ἀν
1149 4293 1227 4349 τινες
1247 4274 1302 4337 καὶ

128 4376 273 4465 μεσῳδοί
305 4376 419 4457 (XXVI
455 4377 507 4459 13)
539 4377 698 4442 mesodos
733 4377 885 4459 cognitos
919 4376 1037 4441 habuit
1065 4376 1185 4440 nullos.
1234 4376 1302 4441 Nec

127 4490 251 4549 tamen
281 4479 444 4545 dubitavit
471 4500 586 4545 eorum
616 4501 720 4563 genus
744 4482 778 4545 in
801 4479 948 4545 libellum
978 4480 1135 4561 recipere.
1180 4480 1303 4545 Verum

127 4588 160 4651 si
200 4584 275 4670 quis
309 4584 422 4667 utique
452 4584 731 4666 compositionem
760 4604 795 4649 re
824 4603 859 4649 νε
869 4604 906 4650 ra
932 4588 1127 4665 usurpatam
1155 4584 1303 4666 requirit,

1099 4703 1117 4756 4
