<?xml version="1.0" encoding="UTF-8"?>
<!DOCTYPE html PUBLIC "-//W3C//DTD XHTML 1.0 Transitional//EN"
    "http://www.w3.org/TR/xhtml1/DTD/xhtml1-transitional.dtd">
<html xmlns="http://www.w3.org/1999/xhtml" xml:lang="en" lang="en">
 <head>
  <title>
</title>
<meta http-equiv="Content-Type" content="text/html;charset=utf-8" />
  <meta name='ocr-system' content='tesseract 3.04.00' />
  <meta name='ocr-capabilities' content='ocr_page ocr_carea ocr_par ocr_line ocrx_word'/>
</head>
<body>
  <div class='ocr_page' id='page_1' title='image "./detacitosenecae00zimmgoog_0059.png"; bbox 0 0 3459 5200; ppageno 0'>
   <div class='ocr_carea' id='block_1_1' title="bbox 976 385 1020 450">
    <p class='ocr_par' dir='ltr' id='par_1_1' title="bbox 976 385 1020 450">
     <span class='ocr_line' id='line_1_1' title="bbox 976 385 1020 450; baseline 0 0"><span class='ocrx_word' id='word_1_1' title='bbox 976 385 1020 450; x_wconf 85' lang='grc'>46</span> 
     </span>
    </p>
   </div>
   <div class='ocr_carea' id='block_1_2' title="bbox 384 577 1620 1737">
    <p class='ocr_par' dir='ltr' id='par_1_2' title="bbox 384 577 1620 1737">
     <span class='ocr_line' id='line_1_2' title="bbox 384 577 1617 665; baseline -0.002 -19"><span class='ocrx_word' id='word_1_2' title='bbox 384 582 481 648; x_wconf 90' lang='lat' dir='ltr'>menti</span> <span class='ocrx_word' id='word_1_3' title='bbox 514 579 702 648; x_wconf 82' lang='lat' dir='ltr'><strong>Sallustium</strong></span> <span class='ocrx_word' id='word_1_4' title='bbox 736 586 769 645; x_wconf 91' lang='lat' dir='ltr'>et</span> <span class='ocrx_word' id='word_1_5' title='bbox 800 579 941 665; x_wconf 83' lang='lat' dir='ltr'>Liuium,</span> <span class='ocrx_word' id='word_1_6' title='bbox 974 580 1007 645; x_wconf 91' lang='lat' dir='ltr'>in</span> <span class='ocrx_word' id='word_1_7' title='bbox 1040 580 1137 646; x_wconf 89' lang='lat' dir='ltr'>rebus</span> <span class='ocrx_word' id='word_1_8' title='bbox 1169 577 1213 644; x_wconf 92' lang='lat' dir='ltr'>ad</span> <span class='ocrx_word' id='word_1_9' title='bbox 1244 577 1484 664; x_wconf 84' lang='lat' dir='ltr'><strong>philosophiam</strong></span> <span class='ocrx_word' id='word_1_10' title='bbox 1514 579 1617 664; x_wconf 91' lang='lat' dir='ltr'>perti·</span> 
     </span>
     <span class='ocr_line' id='line_1_3' title="bbox 384 685 1618 773; baseline -0.002 -19"><span class='ocrx_word' id='word_1_11' title='bbox 384 689 533 754; x_wconf 86' lang='lat' dir='ltr'>nantibus</span> <span class='ocrx_word' id='word_1_12' title='bbox 558 688 716 754; x_wconf 81' lang='lat' dir='ltr'><strong>Senecam</strong></span> <span class='ocrx_word' id='word_1_13' title='bbox 739 687 974 773; x_wconf 91' lang='lat' dir='ltr'>philosophum.</span> <span class='ocrx_word' id='word_1_14' title='bbox 1019 687 1089 752; x_wconf 89' lang='lat' dir='ltr'>Nec</span> <span class='ocrx_word' id='word_1_15' title='bbox 1122 685 1267 752; x_wconf 80' lang='lat' dir='ltr'>Senecae</span> <span class='ocrx_word' id='word_1_16' title='bbox 1299 687 1403 750; x_wconf 89' lang='lat' dir='ltr'>oratio</span> <span class='ocrx_word' id='word_1_17' title='bbox 1431 706 1564 771; x_wconf 90' lang='lat' dir='ltr'>prorsus</span> <span class='ocrx_word' id='word_1_18' title='bbox 1593 706 1618 751; x_wconf 86' lang='lat' dir='ltr'>a</span> 
     </span>
     <span class='ocr_line' id='line_1_4' title="bbox 385 793 1616 880; baseline -0.004 -18"><span class='ocrx_word' id='word_1_19' title='bbox 385 797 606 880; x_wconf 82' lang='lat' dir='ltr'>Ciceroniana,</span> <span class='ocrx_word' id='word_1_20' title='bbox 635 816 731 879; x_wconf 84' lang='lat' dir='ltr'>qnam</span> <span class='ocrx_word' id='word_1_21' title='bbox 755 795 889 861; x_wconf 82' lang='lat' dir='ltr'>Tacitus</span> <span class='ocrx_word' id='word_1_22' title='bbox 918 796 950 860; x_wconf 95' lang='lat' dir='ltr'>in</span> <span class='ocrx_word' id='word_1_23' title='bbox 978 793 1110 879; x_wconf 85' lang='lat' dir='ltr'>dialogo</span> <span class='ocrx_word' id='word_1_24' title='bbox 1140 793 1298 879; x_wconf 77' lang='lat' dir='ltr'>adfectat,</span> <span class='ocrx_word' id='word_1_25' title='bbox 1326 793 1489 879; x_wconf 89' lang='lat' dir='ltr'>abhorret,</span> <span class='ocrx_word' id='word_1_26' title='bbox 1518 794 1616 858; x_wconf 91' lang='lat' dir='ltr'>immo</span> 
     </span>
     <span class='ocr_line' id='line_1_5' title="bbox 384 900 1616 987; baseline -0.003 -19"><span class='ocrx_word' id='word_1_27' title='bbox 384 903 501 969; x_wconf 90' lang='lat' dir='ltr'>flumen</span> <span class='ocrx_word' id='word_1_28' title='bbox 534 902 662 987; x_wconf 92' lang='lat' dir='ltr'>quidem</span> <span class='ocrx_word' id='word_1_29' title='bbox 696 903 930 968; x_wconf 78' lang='lat' dir='ltr'>Ciceronianae</span> <span class='ocrx_word' id='word_1_30' title='bbox 963 901 1114 968; x_wconf 91' lang='lat' dir='ltr'>dictionis</span> <span class='ocrx_word' id='word_1_31' title='bbox 1148 901 1273 968; x_wconf 89' lang='lat' dir='ltr'>Seneca</span> <span class='ocrx_word' id='word_1_32' title='bbox 1302 901 1459 985; x_wconf 89' lang='lat' dir='ltr'>cohibuit,</span> <span class='ocrx_word' id='word_1_33' title='bbox 1493 900 1552 967; x_wconf 91' lang='lat' dir='ltr'>sed</span> <span class='ocrx_word' id='word_1_34' title='bbox 1580 901 1616 965; x_wconf 95' lang='lat' dir='ltr'>in</span> 
     </span>
     <span class='ocr_line' id='line_1_6' title="bbox 385 1007 1617 1097; baseline -0.004 -20"><span class='ocrx_word' id='word_1_35' title='bbox 385 1011 521 1095; x_wconf 87' lang='lat' dir='ltr'>singulis</span> <span class='ocrx_word' id='word_1_36' title='bbox 553 1009 748 1076; x_wconf 83' lang='lat' dir='ltr'>dictionibus</span> <span class='ocrx_word' id='word_1_37' title='bbox 781 1030 883 1097; x_wconf 91' lang='lat' dir='ltr'>prope</span> <span class='ocrx_word' id='word_1_38' title='bbox 917 1008 961 1075; x_wconf 91' lang='lat' dir='ltr'>ad</span> <span class='ocrx_word' id='word_1_39' title='bbox 994 1009 1181 1075; x_wconf 81' lang='lat' dir='ltr'>Ciceronem</span> <span class='ocrx_word' id='word_1_40' title='bbox 1216 1007 1352 1076; x_wconf 89' lang='lat' dir='ltr'>accedit.</span> <span class='ocrx_word' id='word_1_41' title='bbox 1409 1008 1482 1073; x_wconf 92' lang='lat' dir='ltr'>Stili</span> <span class='ocrx_word' id='word_1_42' title='bbox 1516 1008 1617 1091; x_wconf 87' lang='lat' dir='ltr'>igitur</span> 
     </span>
     <span class='ocr_line' id='line_1_7' title="bbox 385 1114 1617 1203; baseline -0.003 -20"><span class='ocrx_word' id='word_1_43' title='bbox 385 1138 505 1201; x_wconf 89' lang='lat' dir='ltr'>genera</span> <span class='ocrx_word' id='word_1_44' title='bbox 528 1137 591 1183; x_wconf 92' lang='lat' dir='ltr'>non</span> <span class='ocrx_word' id='word_1_45' title='bbox 615 1116 698 1183; x_wconf 89' lang='lat' dir='ltr'>adeo</span> <span class='ocrx_word' id='word_1_46' title='bbox 722 1117 805 1182; x_wconf 91' lang='lat' dir='ltr'>inter</span> <span class='ocrx_word' id='word_1_47' title='bbox 829 1137 864 1184; x_wconf 90' lang='lat' dir='ltr'>se</span> <span class='ocrx_word' id='word_1_48' title='bbox 890 1115 1088 1203; x_wconf 89' lang='lat' dir='ltr'>discrepant,</span> <span class='ocrx_word' id='word_1_49' title='bbox 1112 1123 1147 1182; x_wconf 92' lang='lat' dir='ltr'>ut</span> <span class='ocrx_word' id='word_1_50' title='bbox 1175 1135 1239 1181; x_wconf 90' lang='lat' dir='ltr'>non</span> <span class='ocrx_word' id='word_1_51' title='bbox 1266 1114 1367 1181; x_wconf 92' lang='lat' dir='ltr'>multa</span> <span class='ocrx_word' id='word_1_52' title='bbox 1394 1115 1488 1200; x_wconf 89' lang='lat' dir='ltr'>paria</span> <span class='ocrx_word' id='word_1_53' title='bbox 1517 1116 1617 1181; x_wconf 89' lang='lat' dir='ltr'>etiam</span> 
     </span>
     <span class='ocr_line' id='line_1_8' title="bbox 386 1223 1617 1309; baseline -0.002 -19"><span class='ocrx_word' id='word_1_54' title='bbox 386 1225 418 1290; x_wconf 93' lang='lat' dir='ltr'>in</span> <span class='ocrx_word' id='word_1_55' title='bbox 443 1224 599 1292; x_wconf 89' lang='lat' dir='ltr'>sermonis</span> <span class='ocrx_word' id='word_1_56' title='bbox 623 1225 876 1309; x_wconf 87' lang='lat' dir='ltr'>proprietatibus</span> <span class='ocrx_word' id='word_1_57' title='bbox 900 1224 983 1290; x_wconf 90' lang='lat' dir='ltr'>inter</span> <span class='ocrx_word' id='word_1_58' title='bbox 1004 1243 1040 1290; x_wconf 91' lang='lat' dir='ltr'>se</span> <span class='ocrx_word' id='word_1_59' title='bbox 1059 1223 1229 1289; x_wconf 86' lang='lat' dir='ltr'>contrariis</span> <span class='ocrx_word' id='word_1_60' title='bbox 1248 1223 1461 1288; x_wconf 86' lang='lat' dir='ltr'>inveniantur.</span> <span class='ocrx_word' id='word_1_61' title='bbox 1500 1223 1617 1306; x_wconf 88' lang='lat' dir='ltr'>Neque</span> 
     </span>
     <span class='ocr_line' id='line_1_9' title="bbox 384 1329 1617 1418; baseline -0.002 -22"><span class='ocrx_word' id='word_1_62' title='bbox 384 1332 483 1416; x_wconf 87' lang='lat' dir='ltr'>igitur</span> <span class='ocrx_word' id='word_1_63' title='bbox 506 1334 632 1418; x_wconf 90' lang='lat' dir='ltr'>mirum,</span> <span class='ocrx_word' id='word_1_64' title='bbox 661 1329 748 1415; x_wconf 91' lang='lat' dir='ltr'>quod</span> <span class='ocrx_word' id='word_1_65' title='bbox 775 1331 808 1397; x_wconf 93' lang='lat' dir='ltr'>in</span> <span class='ocrx_word' id='word_1_66' title='bbox 836 1330 969 1414; x_wconf 84' lang='lat' dir='ltr'>dialogo</span> <span class='ocrx_word' id='word_1_67' title='bbox 997 1330 1139 1413; x_wconf 85' lang='lat' dir='ltr'>vestigia</span> <span class='ocrx_word' id='word_1_68' title='bbox 1162 1331 1361 1396; x_wconf 86' lang='lat' dir='ltr'>Annaeanae</span> <span class='ocrx_word' id='word_1_69' title='bbox 1385 1329 1538 1396; x_wconf 90' lang='lat' dir='ltr'>dictionis</span> <span class='ocrx_word' id='word_1_70' title='bbox 1562 1351 1617 1394; x_wconf 80' lang='lat' dir='ltr'>ex-</span> 
     </span>
     <span class='ocr_line' id='line_1_10' title="bbox 385 1437 1617 1524; baseline -0.005 -18"><span class='ocrx_word' id='word_1_71' title='bbox 385 1447 480 1524; x_wconf 90' lang='lat' dir='ltr'>stant,</span> <span class='ocrx_word' id='word_1_72' title='bbox 505 1438 564 1506; x_wconf 90' lang='lat' dir='ltr'>sed</span> <span class='ocrx_word' id='word_1_73' title='bbox 585 1439 689 1504; x_wconf 88' lang='lat' dir='ltr'>latent</span> <span class='ocrx_word' id='word_1_74' title='bbox 711 1438 818 1521; x_wconf 88' lang='lat' dir='ltr'>magis</span> <span class='ocrx_word' id='word_1_75' title='bbox 846 1458 942 1521; x_wconf 90' lang='lat' dir='ltr'>quam</span> <span class='ocrx_word' id='word_1_76' title='bbox 965 1444 1080 1523; x_wconf 92' lang='lat' dir='ltr'>patent</span> <span class='ocrx_word' id='word_1_77' title='bbox 1106 1457 1167 1502; x_wconf 92' lang='lat' dir='ltr'>nec</span> <span class='ocrx_word' id='word_1_78' title='bbox 1195 1437 1366 1520; x_wconf 89' lang='lat' dir='ltr'>quicquam</span> <span class='ocrx_word' id='word_1_79' title='bbox 1389 1439 1528 1522; x_wconf 90' lang='lat' dir='ltr'>probant</span> <span class='ocrx_word' id='word_1_80' title='bbox 1550 1437 1617 1502; x_wconf 91' lang='lat' dir='ltr'>nisi</span> 
     </span>
     <span class='ocr_line' id='line_1_11' title="bbox 385 1543 1617 1630; baseline -0.001 -20"><span class='ocrx_word' id='word_1_81' title='bbox 385 1547 509 1630; x_wconf 89' lang='lat' dir='ltr'>Tacito,</span> <span class='ocrx_word' id='word_1_82' title='bbox 534 1565 604 1611; x_wconf 91' lang='lat' dir='ltr'>cum</span> <span class='ocrx_word' id='word_1_83' title='bbox 629 1545 794 1629; x_wconf 82' lang='lat' dir='ltr'>dialogum</span> <span class='ocrx_word' id='word_1_84' title='bbox 818 1550 1034 1630; x_wconf 86' lang='lat' dir='ltr'>componeret,</span> <span class='ocrx_word' id='word_1_85' title='bbox 1054 1544 1199 1611; x_wconf 90' lang='lat' dir='ltr'>Senecae</span> <span class='ocrx_word' id='word_1_86' title='bbox 1219 1543 1262 1609; x_wconf 93' lang='lat' dir='ltr'>de</span> <span class='ocrx_word' id='word_1_87' title='bbox 1284 1545 1491 1629; x_wconf 86' lang='lat' dir='ltr'>philosophia</span> <span class='ocrx_word' id='word_1_88' title='bbox 1513 1544 1617 1610; x_wconf 90' lang='lat' dir='ltr'>libros</span> 
     </span>
     <span class='ocr_line' id='line_1_12' title="bbox 388 1649 1620 1737; baseline -0.003 -18"><span class='ocrx_word' id='word_1_89' title='bbox 388 1654 537 1737; x_wconf 89' lang='lat' dir='ltr'>cognitos</span> <span class='ocrx_word' id='word_1_90' title='bbox 571 1651 681 1718; x_wconf 83' lang='lat' dir='ltr'>fuisse.</span> <span class='ocrx_word' id='word_1_91' title='bbox 731 1652 768 1717; x_wconf 95' lang='lat' dir='ltr'>In</span> <span class='ocrx_word' id='word_1_92' title='bbox 800 1651 1027 1719; x_wconf 85' lang='lat' dir='ltr'>enumerandis</span> <span class='ocrx_word' id='word_1_93' title='bbox 1057 1649 1185 1735; x_wconf 90' lang='lat' dir='ltr'>quidem</span> <span class='ocrx_word' id='word_1_94' title='bbox 1213 1650 1370 1736; x_wconf 81' lang='lat' dir='ltr'>exemplis</span> <span class='ocrx_word' id='word_1_95' title='bbox 1392 1651 1528 1717; x_wconf 91' lang='lat' dir='ltr'>Kleiher</span> <span class='ocrx_word' id='word_1_96' title='bbox 1549 1651 1620 1716; x_wconf 93' lang='lat' dir='ltr'>lon-</span> 
     </span>
    </p>
   </div>
   <div class='ocr_carea' id='block_1_3' title="bbox 282 1756 1619 1846">
    <p class='ocr_par' dir='ltr' id='par_1_3' title="bbox 282 1756 1619 1846">
     <span class='ocr_line' id='line_1_13' title="bbox 282 1756 1619 1846; baseline 0 -22"><span class='ocrx_word' id='word_1_97' title='bbox 282 1779 285 1784; x_wconf 83' lang='lat'>·</span> <span class='ocrx_word' id='word_1_98' title='bbox 386 1760 459 1846; x_wconf 87' lang='lat' dir='ltr'>gius</span> <span class='ocrx_word' id='word_1_99' title='bbox 478 1779 575 1843; x_wconf 88' lang='lat' dir='ltr'>quam</span> <span class='ocrx_word' id='word_1_100' title='bbox 596 1759 672 1824; x_wconf 87' lang='lat' dir='ltr'>licet</span> <span class='ocrx_word' id='word_1_101' title='bbox 689 1757 767 1824; x_wconf 91' lang='lat' dir='ltr'>mihi</span> <span class='ocrx_word' id='word_1_102' title='bbox 782 1757 910 1825; x_wconf 88' lang='lat' dir='ltr'>videtur</span> <span class='ocrx_word' id='word_1_103' title='bbox 923 1779 1116 1845; x_wconf 81' lang='lat' dir='ltr'>progressus</span> <span class='ocrx_word' id='word_1_104' title='bbox 1136 1778 1224 1840; x_wconf 67' lang='lat' dir='ltr'>esse,</span> <span class='ocrx_word' id='word_1_105' title='bbox 1249 1759 1378 1826; x_wconf 86' lang='lat' dir='ltr'>omissis</span> <span class='ocrx_word' id='word_1_106' title='bbox 1399 1758 1447 1826; x_wconf 87' lang='lat' dir='ltr'>eis</span> <span class='ocrx_word' id='word_1_107' title='bbox 1461 1778 1546 1842; x_wconf 90' lang='lat' dir='ltr'>quae</span> <span class='ocrx_word' id='word_1_108' title='bbox 1561 1756 1619 1824; x_wconf 91' lang='lat' dir='ltr'>ille</span> 
     </span>
    </p>
   </div>
   <div class='ocr_carea' id='block_1_4' title="bbox 385 1864 1620 3878">
    <p class='ocr_par' dir='ltr' id='par_1_4' title="bbox 385 1864 1616 2060">
     <span class='ocr_line' id='line_1_14' title="bbox 385 1864 1616 1950; baseline -0.002 -17"><span class='ocrx_word' id='word_1_109' title='bbox 385 1866 533 1933; x_wconf 85' lang='lat' dir='ltr'>laudarit</span> <span class='ocrx_word' id='word_1_110' title='bbox 547 1864 713 1949; x_wconf 83' lang='lat' dir='ltr'>exemplis,</span> <span class='ocrx_word' id='word_1_111' title='bbox 731 1872 766 1929; x_wconf 94' lang='lat' dir='ltr'>ut</span> <span class='ocrx_word' id='word_1_112' title='bbox 779 1866 930 1931; x_wconf 89' lang='lat' dir='ltr'>Tacitum</span> <span class='ocrx_word' id='word_1_113' title='bbox 947 1867 980 1930; x_wconf 93' lang='lat' dir='ltr'>in</span> <span class='ocrx_word' id='word_1_114' title='bbox 995 1864 1127 1949; x_wconf 87' lang='lat' dir='ltr'>dialogo</span> <span class='ocrx_word' id='word_1_115' title='bbox 1142 1865 1299 1932; x_wconf 88' lang='lat' dir='ltr'>aSeneoa</span> <span class='ocrx_word' id='word_1_116' title='bbox 1314 1865 1456 1950; x_wconf 92' lang='lat' dir='ltr'>pendere</span> <span class='ocrx_word' id='word_1_117' title='bbox 1471 1865 1616 1943; x_wconf 89' lang='lat' dir='ltr'>doceret,</span> 
     </span>
     <span class='ocr_line' id='line_1_15' title="bbox 386 1971 1547 2060; baseline 0.001 -20"><span class='ocrx_word' id='word_1_118' title='bbox 386 1993 491 2060; x_wconf 88' lang='lat' dir='ltr'>pauca</span> <span class='ocrx_word' id='word_1_119' title='bbox 514 1972 598 2038; x_wconf 87' lang='lat' dir='ltr'>infra</span> <span class='ocrx_word' id='word_1_120' title='bbox 621 1971 718 2049; x_wconf 88' lang='lat' dir='ltr'>addo,</span> <span class='ocrx_word' id='word_1_121' title='bbox 743 1991 827 2054; x_wconf 89' lang='lat' dir='ltr'>quae</span> <span class='ocrx_word' id='word_1_122' title='bbox 851 1972 989 2039; x_wconf 89' lang='lat' dir='ltr'>alicuius</span> <span class='ocrx_word' id='word_1_123' title='bbox 1011 1972 1165 2039; x_wconf 88' lang='lat' dir='ltr'>momenti</span> <span class='ocrx_word' id='word_1_124' title='bbox 1189 1991 1263 2038; x_wconf 89' lang='lat' dir='ltr'>esse</span> <span class='ocrx_word' id='word_1_125' title='bbox 1286 1972 1365 2038; x_wconf 91' lang='lat' dir='ltr'>mihi</span> <span class='ocrx_word' id='word_1_126' title='bbox 1388 1972 1547 2042; x_wconf 84' lang='lat' dir='ltr'>videntur.</span> 
     </span>
    </p>

    <p class='ocr_par' dir='ltr' id='par_1_5' title="bbox 387 2078 1620 3878">
     <span class='ocr_line' id='line_1_16' title="bbox 475 2078 1619 2162; baseline -0.001 -17"><span class='ocrx_word' id='word_1_127' title='bbox 475 2082 512 2145; x_wconf 91' lang='lat' dir='ltr'>ln</span> <span class='ocrx_word' id='word_1_128' title='bbox 540 2079 631 2146; x_wconf 89' lang='lat' dir='ltr'>libris</span> <span class='ocrx_word' id='word_1_129' title='bbox 659 2079 767 2144; x_wconf 87' lang='lat' dir='ltr'>Taciti</span> <span class='ocrx_word' id='word_1_130' title='bbox 795 2099 848 2145; x_wconf 88' lang='lat' dir='ltr'>res</span> <span class='ocrx_word' id='word_1_131' title='bbox 877 2087 989 2162; x_wconf 87' lang='lat' dir='ltr'>gestas</span> <span class='ocrx_word' id='word_1_132' title='bbox 1022 2079 1248 2145; x_wconf 87' lang='lat' dir='ltr'>enarrantibus</span> <span class='ocrx_word' id='word_1_133' title='bbox 1276 2079 1344 2144; x_wconf 87' lang='lat' dir='ltr'>stili</span> <span class='ocrx_word' id='word_1_134' title='bbox 1372 2078 1619 2145; x_wconf 77' lang='lat' dir='ltr'>fundamentum</span> 
     </span>
     <span class='ocr_line' id='line_1_17' title="bbox 387 2184 1619 2265; baseline -0.002 -10"><span class='ocrx_word' id='word_1_135' title='bbox 387 2187 524 2255; x_wconf 82' lang='lat' dir='ltr'>efficitur</span> <span class='ocrx_word' id='word_1_136' title='bbox 547 2186 689 2252; x_wconf 85' lang='lat' dir='ltr'>dictione</span> <span class='ocrx_word' id='word_1_137' title='bbox 713 2184 915 2252; x_wconf 87' lang='lat' dir='ltr'>Sallustiana</span> <span class='ocrx_word' id='word_1_138' title='bbox 938 2194 971 2251; x_wconf 91' lang='lat' dir='ltr'>et</span> <span class='ocrx_word' id='word_1_139' title='bbox 992 2186 1140 2264; x_wconf 87' lang='lat' dir='ltr'>Liviana,</span> <span class='ocrx_word' id='word_1_140' title='bbox 1165 2185 1213 2251; x_wconf 88' lang='lat' dir='ltr'>ita</span> <span class='ocrx_word' id='word_1_141' title='bbox 1236 2193 1354 2265; x_wconf 86' lang='lat' dir='ltr'>tamen,</span> <span class='ocrx_word' id='word_1_142' title='bbox 1383 2193 1418 2252; x_wconf 93' lang='lat' dir='ltr'>ut</span> <span class='ocrx_word' id='word_1_143' title='bbox 1441 2186 1619 2253; x_wconf 89' lang='lat' dir='ltr'>misceatur</span> 
     </span>
     <span class='ocr_line' id='line_1_18' title="bbox 387 2291 1618 2377; baseline -0.001 -17"><span class='ocrx_word' id='word_1_144' title='bbox 387 2316 459 2360; x_wconf 87' lang='lat' dir='ltr'>curn</span> <span class='ocrx_word' id='word_1_145' title='bbox 483 2295 627 2361; x_wconf 85' lang='lat' dir='ltr'>Senecae</span> <span class='ocrx_word' id='word_1_146' title='bbox 650 2291 802 2360; x_wconf 90' lang='lat' dir='ltr'>dictione.</span> <span class='ocrx_word' id='word_1_147' title='bbox 849 2293 942 2358; x_wconf 90' lang='lat' dir='ltr'>Hanc</span> <span class='ocrx_word' id='word_1_148' title='bbox 966 2299 1074 2358; x_wconf 90' lang='lat' dir='ltr'>autem</span> <span class='ocrx_word' id='word_1_149' title='bbox 1097 2312 1162 2358; x_wconf 91' lang='lat' dir='ltr'>non</span> <span class='ocrx_word' id='word_1_150' title='bbox 1185 2291 1300 2360; x_wconf 92' lang='lat' dir='ltr'>eodem</span> <span class='ocrx_word' id='word_1_151' title='bbox 1327 2293 1423 2359; x_wconf 93' lang='lat' dir='ltr'>modo</span> <span class='ocrx_word' id='word_1_152' title='bbox 1452 2314 1516 2377; x_wconf 93' lang='lat' dir='ltr'>quo</span> <span class='ocrx_word' id='word_1_153' title='bbox 1545 2295 1618 2360; x_wconf 87' lang='lat' dir='ltr'>Sal-</span> 
     </span>
     <span class='ocr_line' id='line_1_19' title="bbox 389 2400 1618 2487; baseline 0 -20"><span class='ocrx_word' id='word_1_154' title='bbox 389 2401 562 2468; x_wconf 89' lang='lat' dir='ltr'>lustianam</span> <span class='ocrx_word' id='word_1_155' title='bbox 586 2401 737 2485; x_wconf 85' lang='lat' dir='ltr'>imitatur,</span> <span class='ocrx_word' id='word_1_156' title='bbox 761 2421 858 2486; x_wconf 90' lang='lat' dir='ltr'>quam</span> <span class='ocrx_word' id='word_1_157' title='bbox 882 2401 1070 2485; x_wconf 87' lang='lat' dir='ltr'>plerumque</span> <span class='ocrx_word' id='word_1_158' title='bbox 1099 2400 1143 2465; x_wconf 92' lang='lat' dir='ltr'>ad</span> <span class='ocrx_word' id='word_1_159' title='bbox 1170 2400 1310 2468; x_wconf 90' lang='lat' dir='ltr'>litteram</span> <span class='ocrx_word' id='word_1_160' title='bbox 1339 2402 1492 2487; x_wconf 88' lang='lat' dir='ltr'>sequitur,</span> <span class='ocrx_word' id='word_1_161' title='bbox 1520 2402 1618 2467; x_wconf 91' lang='lat' dir='ltr'>immo</span> 
     </span>
     <span class='ocr_line' id='line_1_20' title="bbox 387 2506 1619 2594; baseline 0.001 -19"><span class='ocrx_word' id='word_1_162' title='bbox 387 2510 602 2575; x_wconf 85' lang='lat' dir='ltr'>verbosiorem</span> <span class='ocrx_word' id='word_1_163' title='bbox 621 2506 755 2572; x_wconf 83' lang='lat' dir='ltr'>formam</span> <span class='ocrx_word' id='word_1_164' title='bbox 775 2506 915 2586; x_wconf 90' lang='lat' dir='ltr'>dicendi,</span> <span class='ocrx_word' id='word_1_165' title='bbox 935 2526 1020 2591; x_wconf 90' lang='lat' dir='ltr'>quae</span> <span class='ocrx_word' id='word_1_166' title='bbox 1036 2507 1181 2574; x_wconf 86' lang='lat' dir='ltr'>Senecae</span> <span class='ocrx_word' id='word_1_167' title='bbox 1204 2508 1238 2573; x_wconf 94' lang='lat' dir='ltr'>in</span> <span class='ocrx_word' id='word_1_168' title='bbox 1261 2507 1389 2575; x_wconf 90' lang='lat' dir='ltr'>deliciis</span> <span class='ocrx_word' id='word_1_169' title='bbox 1413 2516 1491 2594; x_wconf 75' lang='lat' dir='ltr'>erat,</span> <span class='ocrx_word' id='word_1_170' title='bbox 1515 2529 1619 2594; x_wconf 85' lang='lat' dir='ltr'>saepe</span> 
     </span>
     <span class='ocr_line' id='line_1_21' title="bbox 388 2613 1619 2700; baseline 0.001 -18"><span class='ocrx_word' id='word_1_171' title='bbox 388 2624 514 2683; x_wconf 88' lang='lat' dir='ltr'>coartat</span> <span class='ocrx_word' id='word_1_172' title='bbox 537 2622 633 2699; x_wconf 85' lang='lat' dir='ltr'>atque</span> <span class='ocrx_word' id='word_1_173' title='bbox 657 2613 813 2700; x_wconf 73' lang='lat' dir='ltr'>concidit,</span> <span class='ocrx_word' id='word_1_174' title='bbox 841 2614 903 2679; x_wconf 91' lang='lat' dir='ltr'>boc</span> <span class='ocrx_word' id='word_1_175' title='bbox 931 2616 1016 2680; x_wconf 91' lang='lat' dir='ltr'>enim</span> <span class='ocrx_word' id='word_1_176' title='bbox 1039 2616 1095 2681; x_wconf 78' lang='lat' dir='ltr'>rel</span> <span class='ocrx_word' id='word_1_177' title='bbox 1124 2616 1264 2682; x_wconf 87' lang='lat' dir='ltr'>maxime</span> <span class='ocrx_word' id='word_1_178' title='bbox 1288 2617 1434 2683; x_wconf 89' lang='lat' dir='ltr'>Senecae</span> <span class='ocrx_word' id='word_1_179' title='bbox 1458 2625 1492 2683; x_wconf 93' lang='lat' dir='ltr'>et</span> <span class='ocrx_word' id='word_1_180' title='bbox 1512 2618 1619 2684; x_wconf 78' lang='lat' dir='ltr'>Taciti</span> 
     </span>
     <span class='ocr_line' id='line_1_22' title="bbox 388 2721 1617 2811; baseline -0.001 -21"><span class='ocrx_word' id='word_1_181' title='bbox 388 2724 547 2791; x_wconf 88' lang='lat' dir='ltr'>dictiones</span> <span class='ocrx_word' id='word_1_182' title='bbox 570 2724 652 2789; x_wconf 92' lang='lat' dir='ltr'>inter</span> <span class='ocrx_word' id='word_1_183' title='bbox 676 2743 712 2789; x_wconf 91' lang='lat' dir='ltr'>se</span> <span class='ocrx_word' id='word_1_184' title='bbox 736 2721 896 2807; x_wconf 86' lang='lat' dir='ltr'>differunt,</span> <span class='ocrx_word' id='word_1_185' title='bbox 924 2721 1010 2805; x_wconf 92' lang='lat' dir='ltr'>quod</span> <span class='ocrx_word' id='word_1_186' title='bbox 1035 2722 1160 2789; x_wconf 89' lang='lat' dir='ltr'>Seneca</span> <span class='ocrx_word' id='word_1_187' title='bbox 1190 2724 1402 2808; x_wconf 31' lang='lat' dir='ltr'>serefingenti</span> <span class='ocrx_word' id='word_1_188' title='bbox 1426 2725 1523 2811; x_wconf 90' lang='lat' dir='ltr'>copia</span> <span class='ocrx_word' id='word_1_189' title='bbox 1546 2745 1617 2792; x_wconf 86' lang='lat' dir='ltr'>ver-</span> 
     </span>
     <span class='ocr_line' id='line_1_23' title="bbox 388 2830 1618 2916; baseline 0.001 -18"><span class='ocrx_word' id='word_1_190' title='bbox 388 2834 499 2898; x_wconf 88' lang='lat' dir='ltr'>borum</span> <span class='ocrx_word' id='word_1_191' title='bbox 523 2831 628 2915; x_wconf 90' lang='lat' dir='ltr'>utitur,</span> <span class='ocrx_word' id='word_1_192' title='bbox 653 2830 784 2895; x_wconf 89' lang='lat' dir='ltr'>minima</span> <span class='ocrx_word' id='word_1_193' title='bbox 799 2830 944 2909; x_wconf 76' lang='lat' dir='ltr'>Tacitus,</span> <span class='ocrx_word' id='word_1_194' title='bbox 969 2839 1004 2895; x_wconf 92' lang='lat' dir='ltr'>ut</span> <span class='ocrx_word' id='word_1_195' title='bbox 1026 2830 1274 2897; x_wconf 88' lang='lat' dir='ltr'>innumerabilia</span> <span class='ocrx_word' id='word_1_196' title='bbox 1295 2832 1397 2898; x_wconf 84' lang='lat' dir='ltr'>rerba</span> <span class='ocrx_word' id='word_1_197' title='bbox 1410 2831 1499 2916; x_wconf 89' lang='lat' dir='ltr'>apud</span> <span class='ocrx_word' id='word_1_198' title='bbox 1518 2832 1618 2899; x_wconf 88' lang='lat' dir='ltr'>Seue·</span> 
     </span>
     <span class='ocr_line' id='line_1_24' title="bbox 388 2937 1619 3023; baseline 0 -18"><span class='ocrx_word' id='word_1_199' title='bbox 388 2960 458 3005; x_wconf 92' lang='lat' dir='ltr'>cam</span> <span class='ocrx_word' id='word_1_200' title='bbox 482 2938 645 3022; x_wconf 89' lang='lat' dir='ltr'>legantur,</span> <span class='ocrx_word' id='word_1_201' title='bbox 673 2938 789 3021; x_wconf 89' lang='lat' dir='ltr'>quibus</span> <span class='ocrx_word' id='word_1_202' title='bbox 813 2937 946 3004; x_wconf 89' lang='lat' dir='ltr'>Tacitus</span> <span class='ocrx_word' id='word_1_203' title='bbox 976 2937 1145 3023; x_wconf 89' lang='lat' dir='ltr'>abstinuit,</span> <span class='ocrx_word' id='word_1_204' title='bbox 1175 2945 1286 3004; x_wconf 90' lang='lat' dir='ltr'>contra</span> <span class='ocrx_word' id='word_1_205' title='bbox 1314 2959 1425 3005; x_wconf 90' lang='lat' dir='ltr'>eorum</span> <span class='ocrx_word' id='word_1_206' title='bbox 1446 2940 1619 3006; x_wconf 87' lang='lat' dir='ltr'>verborum</span> 
     </span>
     <span class='ocr_line' id='line_1_25' title="bbox 388 3044 1619 3132; baseline 0 -21"><span class='ocrx_word' id='word_1_207' title='bbox 388 3065 546 3131; x_wconf 89' lang='lat' dir='ltr'>numerus,</span> <span class='ocrx_word' id='word_1_208' title='bbox 570 3065 653 3129; x_wconf 91' lang='lat' dir='ltr'>quae</span> <span class='ocrx_word' id='word_1_209' title='bbox 668 3045 803 3111; x_wconf 85' lang='lat' dir='ltr'>Tacitus</span> <span class='ocrx_word' id='word_1_210' title='bbox 822 3045 855 3109; x_wconf 94' lang='lat' dir='ltr'>in</span> <span class='ocrx_word' id='word_1_211' title='bbox 875 3065 966 3111; x_wconf 92' lang='lat' dir='ltr'>usum</span> <span class='ocrx_word' id='word_1_212' title='bbox 991 3064 1085 3109; x_wconf 90' lang='lat' dir='ltr'>suum</span> <span class='ocrx_word' id='word_1_213' title='bbox 1108 3044 1311 3125; x_wconf 87' lang='lat' dir='ltr'>converterit,</span> <span class='ocrx_word' id='word_1_214' title='bbox 1336 3046 1394 3113; x_wconf 87' lang='lat' dir='ltr'>sed</span> <span class='ocrx_word' id='word_1_215' title='bbox 1419 3066 1504 3130; x_wconf 88' lang='lat' dir='ltr'>quae</span> <span class='ocrx_word' id='word_1_216' title='bbox 1528 3046 1619 3132; x_wconf 87' lang='lat' dir='ltr'>apud</span> 
     </span>
     <span class='ocr_line' id='line_1_26' title="bbox 389 3151 1617 3235; baseline -0.002 -15"><span class='ocrx_word' id='word_1_217' title='bbox 389 3154 545 3220; x_wconf 90' lang='lat' dir='ltr'>Senecam</span> <span class='ocrx_word' id='word_1_218' title='bbox 568 3173 632 3217; x_wconf 91' lang='lat' dir='ltr'>non</span> <span class='ocrx_word' id='word_1_219' title='bbox 656 3152 813 3235; x_wconf 88' lang='lat' dir='ltr'>legantur,</span> <span class='ocrx_word' id='word_1_220' title='bbox 838 3151 882 3217; x_wconf 89' lang='lat' dir='ltr'>sit</span> <span class='ocrx_word' id='word_1_221' title='bbox 904 3152 1063 3219; x_wconf 89' lang='lat' dir='ltr'>minimus.</span> <span class='ocrx_word' id='word_1_222' title='bbox 1100 3152 1213 3235; x_wconf 83' lang='lat' dir='ltr'>Neque</span> <span class='ocrx_word' id='word_1_223' title='bbox 1227 3152 1317 3218; x_wconf 92' lang='lat' dir='ltr'>illam</span> <span class='ocrx_word' id='word_1_224' title='bbox 1331 3153 1501 3219; x_wconf 88' lang='lat' dir='ltr'>verborum</span> <span class='ocrx_word' id='word_1_225' title='bbox 1518 3153 1617 3219; x_wconf 86' lang='lat' dir='ltr'>collo-</span> 
     </span>
     <span class='ocr_line' id='line_1_27' title="bbox 388 3254 1618 3343; baseline 0.001 -18"><span class='ocrx_word' id='word_1_226' title='bbox 388 3254 557 3341; x_wconf 84' lang='lat' dir='ltr'>cationem,</span> <span class='ocrx_word' id='word_1_227' title='bbox 581 3280 645 3343; x_wconf 91' lang='lat' dir='ltr'>qua</span> <span class='ocrx_word' id='word_1_228' title='bbox 670 3258 795 3324; x_wconf 87' lang='lat' dir='ltr'>Seneca</span> <span class='ocrx_word' id='word_1_229' title='bbox 819 3259 865 3325; x_wconf 92' lang='lat' dir='ltr'>uti</span> <span class='ocrx_word' id='word_1_230' title='bbox 890 3259 1025 3336; x_wconf 82' lang='lat' dir='ltr'>solebat,</span> <span class='ocrx_word' id='word_1_231' title='bbox 1050 3266 1085 3324; x_wconf 88' lang='lat' dir='ltr'>ut</span> <span class='ocrx_word' id='word_1_232' title='bbox 1104 3279 1144 3324; x_wconf 90' lang='lat' dir='ltr'>ca</span> <span class='ocrx_word' id='word_1_233' title='bbox 1167 3279 1239 3343; x_wconf 84' lang='lat' dir='ltr'>vox,</span> <span class='ocrx_word' id='word_1_234' title='bbox 1263 3259 1296 3324; x_wconf 93' lang='lat' dir='ltr'>in</span> <span class='ocrx_word' id='word_1_235' title='bbox 1316 3280 1382 3342; x_wconf 90' lang='lat' dir='ltr'>qua</span> <span class='ocrx_word' id='word_1_236' title='bbox 1397 3280 1523 3327; x_wconf 88' lang='lat' dir='ltr'>summa</span> <span class='ocrx_word' id='word_1_237' title='bbox 1546 3282 1618 3328; x_wconf 87' lang='lat' dir='ltr'>sen·</span> 
     </span>
     <span class='ocr_line' id='line_1_28' title="bbox 388 3366 1620 3451; baseline 0.002 -18"><span class='ocrx_word' id='word_1_238' title='bbox 388 3367 510 3433; x_wconf 90' lang='lat' dir='ltr'>tentiae</span> <span class='ocrx_word' id='word_1_239' title='bbox 537 3367 587 3431; x_wconf 92' lang='lat' dir='ltr'>vis</span> <span class='ocrx_word' id='word_1_240' title='bbox 616 3366 723 3451; x_wconf 88' lang='lat' dir='ltr'>posita</span> <span class='ocrx_word' id='word_1_241' title='bbox 752 3373 854 3444; x_wconf 88' lang='lat' dir='ltr'>esset,</span> <span class='ocrx_word' id='word_1_242' title='bbox 887 3366 1065 3451; x_wconf 88' lang='lat' dir='ltr'>principem</span> <span class='ocrx_word' id='word_1_243' title='bbox 1098 3367 1202 3431; x_wconf 90' lang='lat' dir='ltr'>locum</span> <span class='ocrx_word' id='word_1_244' title='bbox 1231 3373 1356 3433; x_wconf 86' lang='lat' dir='ltr'>teneret</span> <span class='ocrx_word' id='word_1_245' title='bbox 1382 3367 1434 3433; x_wconf 88' lang='lat' dir='ltr'>vel</span> <span class='ocrx_word' id='word_1_246' title='bbox 1467 3370 1620 3451; x_wconf 89' lang='lat' dir='ltr'>quaesita</span> 
     </span>
     <span class='ocr_line' id='line_1_29' title="bbox 388 3472 1618 3559; baseline 0.003 -21"><span class='ocrx_word' id='word_1_247' title='bbox 388 3475 512 3538; x_wconf 89' lang='lat' dir='ltr'>ratione</span> <span class='ocrx_word' id='word_1_248' title='bbox 541 3472 689 3555; x_wconf 90' lang='lat' dir='ltr'>singulae</span> <span class='ocrx_word' id='word_1_249' title='bbox 718 3472 875 3538; x_wconf 91' lang='lat' dir='ltr'>orationis</span> <span class='ocrx_word' id='word_1_250' title='bbox 902 3478 1014 3557; x_wconf 90' lang='lat' dir='ltr'>partes</span> <span class='ocrx_word' id='word_1_251' title='bbox 1042 3474 1126 3539; x_wconf 90' lang='lat' dir='ltr'>inter</span> <span class='ocrx_word' id='word_1_252' title='bbox 1150 3493 1186 3539; x_wconf 91' lang='lat' dir='ltr'>se</span> <span class='ocrx_word' id='word_1_253' title='bbox 1209 3480 1455 3559; x_wconf 85' lang='lat' dir='ltr'>opponerentur,</span> <span class='ocrx_word' id='word_1_254' title='bbox 1481 3475 1618 3542; x_wconf 86' lang='lat' dir='ltr'>Tacitus</span> 
     </span>
     <span class='ocr_line' id='line_1_30' title="bbox 388 3578 1619 3667; baseline 0.001 -22"><span class='ocrx_word' id='word_1_255' title='bbox 388 3581 519 3665; x_wconf 91' lang='lat' dir='ltr'>respuit.</span> <span class='ocrx_word' id='word_1_256' title='bbox 551 3579 589 3644; x_wconf 94' lang='lat' dir='ltr'>ln</span> <span class='ocrx_word' id='word_1_257' title='bbox 609 3578 784 3646; x_wconf 84' lang='lat' dir='ltr'>laudandis</span> <span class='ocrx_word' id='word_1_258' title='bbox 804 3587 912 3645; x_wconf 90' lang='lat' dir='ltr'>autem</span> <span class='ocrx_word' id='word_1_259' title='bbox 927 3580 1086 3665; x_wconf 84' lang='lat' dir='ltr'>exemplis</span> <span class='ocrx_word' id='word_1_260' title='bbox 1105 3601 1178 3645; x_wconf 91' lang='lat' dir='ltr'>eum</span> <span class='ocrx_word' id='word_1_261' title='bbox 1192 3581 1300 3647; x_wconf 87' lang='lat' dir='ltr'>Taciti</span> <span class='ocrx_word' id='word_1_262' title='bbox 1314 3602 1448 3667; x_wconf 89' lang='lat' dir='ltr'>operum</span> <span class='ocrx_word' id='word_1_263' title='bbox 1462 3581 1619 3666; x_wconf 91' lang='lat' dir='ltr'>ordinem,</span> 
     </span>
     <span class='ocr_line' id='line_1_31' title="bbox 388 3685 1619 3774; baseline 0.003 -23"><span class='ocrx_word' id='word_1_264' title='bbox 388 3707 451 3769; x_wconf 88' lang='lat' dir='ltr'>quo</span> <span class='ocrx_word' id='word_1_265' title='bbox 479 3685 609 3769; x_wconf 88' lang='lat' dir='ltr'>singula</span> <span class='ocrx_word' id='word_1_266' title='bbox 636 3687 823 3771; x_wconf 77' lang='lat' dir='ltr'>composuit,</span> <span class='ocrx_word' id='word_1_267' title='bbox 847 3706 980 3770; x_wconf 82' lang='lat' dir='ltr'>sequor3</span> <span class='ocrx_word' id='word_1_268' title='bbox 1008 3707 1112 3769; x_wconf 89' lang='lat' dir='ltr'>neque</span> <span class='ocrx_word' id='word_1_269' title='bbox 1142 3694 1232 3753; x_wconf 85' lang='lat' dir='ltr'>certa</span> <span class='ocrx_word' id='word_1_270' title='bbox 1255 3688 1444 3754; x_wconf 89' lang='lat' dir='ltr'>imitationis</span> <span class='ocrx_word' id='word_1_271' title='bbox 1468 3690 1619 3774; x_wconf 86' lang='lat' dir='ltr'>exempla</span> 
     </span>
     <span class='ocr_line' id='line_1_32' title="bbox 388 3793 1475 3878; baseline 0.002 -20"><span class='ocrx_word' id='word_1_272' title='bbox 388 3814 408 3858; x_wconf 90' lang='lat' dir='ltr'>a</span> <span class='ocrx_word' id='word_1_273' title='bbox 431 3793 563 3859; x_wconf 81' lang='lat' dir='ltr'>fortuito</span> <span class='ocrx_word' id='word_1_274' title='bbox 586 3812 744 3859; x_wconf 91' lang='lat' dir='ltr'>consensu</span> <span class='ocrx_word' id='word_1_275' title='bbox 769 3793 864 3859; x_wconf 83' lang='lat' dir='ltr'>anxie</span> <span class='ocrx_word' id='word_1_276' title='bbox 889 3793 1075 3878; x_wconf 90' lang='lat' dir='ltr'>separanda</span> <span class='ocrx_word' id='word_1_277' title='bbox 1098 3814 1172 3861; x_wconf 91' lang='lat' dir='ltr'>esse</span> <span class='ocrx_word' id='word_1_278' title='bbox 1195 3795 1371 3862; x_wconf 90' lang='lat' dir='ltr'>arbitratus</span> <span class='ocrx_word' id='word_1_279' title='bbox 1395 3815 1475 3861; x_wconf 90' lang='lat' dir='ltr'>sum.</span> 
     </span>
    </p>
   </div>
   <div class='ocr_carea' id='block_1_5' title="bbox 912 3947 1097 4073">
    <p class='ocr_par' dir='ltr' id='par_1_6' title="bbox 912 3947 1097 4073">
     <span class='ocr_line' id='line_1_33' title="bbox 912 3947 1097 4073; baseline 0.011 -20"><span class='ocrx_word' id='word_1_280' title='bbox 912 3947 1097 4073; x_wconf 74' lang='lat' dir='ltr'>Dialogus.</span> 
     </span>
    </p>
   </div>
   <div class='ocr_carea' id='block_1_6' title="bbox 381 4117 1617 4741">
    <p class='ocr_par' dir='ltr' id='par_1_7' title="bbox 381 4117 1617 4527">
     <span class='ocr_line' id='line_1_34' title="bbox 477 4117 1614 4186; baseline 0.002 -3"><span class='ocrx_word' id='word_1_281' title='bbox 477 4119 515 4185; x_wconf 88' lang='lat' dir='ltr'>T.</span> <span class='ocrx_word' id='word_1_282' title='bbox 544 4117 631 4186; x_wconf 89' lang='lat' dir='ltr'>Dial.</span> <span class='ocrx_word' id='word_1_283' title='bbox 656 4122 685 4184; x_wconf 81' lang='grc'>5.</span> <span class='ocrx_word' id='word_1_284' title='bbox 713 4120 768 4185; x_wconf 71' lang='grc' dir='ltr'>2οι</span> <span class='ocrx_word' id='word_1_285' title='bbox 798 4138 871 4183; x_wconf 86' lang='lat' dir='ltr'>nom</span> <span class='ocrx_word' id='word_1_286' title='bbox 898 4120 927 4182; x_wconf 83' lang='lat' dir='ltr'>si</span> <span class='ocrx_word' id='word_1_287' title='bbox 958 4121 1000 4183; x_wconf 88' lang='lat' dir='ltr'>ud</span> <span class='ocrx_word' id='word_1_288' title='bbox 1029 4120 1190 4185; x_wconf 82' lang='lat' dir='ltr'>utilitatem</span> <span class='ocrx_word' id='word_1_289' title='bbox 1223 4118 1310 4185; x_wconf 89' lang='lat' dir='ltr'>vitae</span> <span class='ocrx_word' id='word_1_290' title='bbox 1341 4121 1444 4185; x_wconf 73' lang='lat' dir='ltr'>omorio</span> <span class='ocrx_word' id='word_1_291' title='bbox 1476 4119 1614 4186; x_wconf 90' lang='lat' dir='ltr'>consilia</span> 
     </span>
     <span class='ocr_line' id='line_1_35' title="bbox 381 4223 1617 4311; baseline 0.002 -20"><span class='ocrx_word' id='word_1_292' title='bbox 381 4232 530 4311; x_wconf 81' lang='lat' dir='ltr'>factoque</span> <span class='ocrx_word' id='word_1_293' title='bbox 560 4231 672 4291; x_wconf 90' lang='lat' dir='ltr'>nostra</span> <span class='ocrx_word' id='word_1_294' title='bbox 705 4223 877 4308; x_wconf 90' lang='lat' dir='ltr'>dirigenda</span> <span class='ocrx_word' id='word_1_295' title='bbox 905 4232 992 4310; x_wconf 90' lang='lat' dir='ltr'>sunt,</span> <span class='ocrx_word' id='word_1_296' title='bbox 1021 4224 1099 4308; x_wconf 88' lang='lat' dir='ltr'>quid</span> <span class='ocrx_word' id='word_1_297' title='bbox 1129 4234 1180 4292; x_wconf 86' lang='lat' dir='ltr'>est</span> <span class='ocrx_word' id='word_1_298' title='bbox 1207 4226 1308 4292; x_wconf 90' lang='lat' dir='ltr'>tutius</span> <span class='ocrx_word' id='word_1_299' title='bbox 1337 4246 1434 4309; x_wconf 91' lang='lat' dir='ltr'>quam</span> <span class='ocrx_word' id='word_1_300' title='bbox 1463 4247 1536 4293; x_wconf 91' lang='lat' dir='ltr'>eam</span> <span class='ocrx_word' id='word_1_301' title='bbox 1564 4248 1617 4293; x_wconf 81' lang='lat' dir='ltr'>ex·</span> 
     </span>
     <span class='ocr_line' id='line_1_36' title="bbox 394 4333 1616 4420; baseline -0.002 -19"><span class='ocrx_word' id='word_1_302' title='bbox 394 4354 503 4401; x_wconf 87' lang='lat' dir='ltr'>ercere</span> <span class='ocrx_word' id='word_1_303' title='bbox 532 4340 647 4419; x_wconf 88' lang='lat' dir='ltr'>artem,</span> <span class='ocrx_word' id='word_1_304' title='bbox 676 4354 740 4417; x_wconf 90' lang='lat' dir='ltr'>qua</span> <span class='ocrx_word' id='word_1_305' title='bbox 769 4354 898 4420; x_wconf 87' lang='lat' dir='ltr'>semper</span> <span class='ocrx_word' id='word_1_306' title='bbox 920 4339 1066 4400; x_wconf 88' lang='lat' dir='ltr'>armatus</span> <span class='ocrx_word' id='word_1_307' title='bbox 1093 4333 1293 4418; x_wconf 89' lang='lat' dir='ltr'>praesidinm</span> <span class='ocrx_word' id='word_1_308' title='bbox 1315 4338 1424 4401; x_wconf 61' lang='lat' dir='ltr'>crach</span> <span class='ocrx_word' id='word_1_309' title='bbox 1520 4335 1616 4419; x_wconf 86' lang='lat' dir='ltr'>ieras,</span> 
     </span>
     <span class='ocr_line' id='line_1_37' title="bbox 390 4442 806 4527; baseline -0.007 -20"><span class='ocrx_word' id='word_1_310' title='bbox 390 4442 463 4527; x_wconf 88' lang='lat' dir='ltr'>ipse</span> <span class='ocrx_word' id='word_1_311' title='bbox 487 4460 619 4509; x_wconf 89' lang='lat' dir='ltr'>securus</span> <span class='ocrx_word' id='word_1_312' title='bbox 643 4446 694 4505; x_wconf 84' lang='lat' dir='ltr'>etc</span> <span class='ocrx_word' id='word_1_313' title='bbox 791 4444 806 4487; x_wconf 76' lang='lat'>‘²</span> 
     </span>
    </p>

    <p class='ocr_par' dir='ltr' id='par_1_8' title="bbox 390 4546 1616 4741">
     <span class='ocr_line' id='line_1_38' title="bbox 480 4546 1616 4618; baseline -0.002 -3"><span class='ocrx_word' id='word_1_314' title='bbox 480 4550 511 4618; x_wconf 92' lang='lat' dir='ltr'>S.</span> <span class='ocrx_word' id='word_1_315' title='bbox 541 4547 584 4615; x_wconf 89' lang='lat' dir='ltr'>de</span> <span class='ocrx_word' id='word_1_316' title='bbox 613 4548 704 4613; x_wconf 88' lang='lat' dir='ltr'>olem.</span> <span class='ocrx_word' id='word_1_317' title='bbox 735 4546 795 4613; x_wconf 84' lang='lat'>13.</span> <span class='ocrx_word' id='word_1_318' title='bbox 821 4550 855 4614; x_wconf 83' lang='lat'>2:</span> <span class='ocrx_word' id='word_1_319' title='bbox 889 4548 1018 4615; x_wconf 86' lang='lat' dir='ltr'>Nullam</span> <span class='ocrx_word' id='word_1_320' title='bbox 1052 4567 1093 4614; x_wconf 83' lang='lat' dir='ltr'>ex</span> <span class='ocrx_word' id='word_1_321' title='bbox 1121 4548 1268 4616; x_wconf 89' lang='lat' dir='ltr'>omnibus</span> <span class='ocrx_word' id='word_1_322' title='bbox 1297 4548 1469 4615; x_wconf 86' lang='lat' dir='ltr'>virtutibus</span> <span class='ocrx_word' id='word_1_323' title='bbox 1496 4548 1616 4615; x_wconf 92' lang='lat' dir='ltr'>homini</span> 
     </span>
     <span class='ocr_line' id='line_1_39' title="bbox 390 4654 1616 4741; baseline 0 -20"><span class='ocrx_word' id='word_1_324' title='bbox 390 4658 495 4741; x_wconf 87' lang='lat' dir='ltr'>magis</span> <span class='ocrx_word' id='word_1_325' title='bbox 525 4654 706 4733; x_wconf 88' lang='lat' dir='ltr'>convenire,</span> <span class='ocrx_word' id='word_1_326' title='bbox 740 4673 811 4719; x_wconf 92' lang='lat' dir='ltr'>cum</span> <span class='ocrx_word' id='word_1_327' title='bbox 841 4655 884 4720; x_wconf 91' lang='lat' dir='ltr'>sit</span> <span class='ocrx_word' id='word_1_328' title='bbox 912 4655 1003 4720; x_wconf 91' lang='lat' dir='ltr'>nulla</span> <span class='ocrx_word' id='word_1_329' title='bbox 1030 4655 1207 4739; x_wconf 89' lang='lat' dir='ltr'>humanior,</span> <span class='ocrx_word' id='word_1_330' title='bbox 1240 4663 1365 4722; x_wconf 88' lang='lat' dir='ltr'>constet</span> <span class='ocrx_word' id='word_1_331' title='bbox 1396 4676 1533 4723; x_wconf 88' lang='lat' dir='ltr'>necesse</span> <span class='ocrx_word' id='word_1_332' title='bbox 1567 4664 1616 4724; x_wconf 89' lang='lat' dir='ltr'>est</span> 
     </span>
    </p>
   </div>
   <div class='ocr_carea' id='block_1_7' title="bbox 0 0 1739 5200">
    <p class='ocr_par' dir='ltr' id='par_1_9' title="bbox 0 0 1739 5200">
     <span class='ocr_line' id='line_1_40' title="bbox 0 0 1739 5200; baseline 0 0"><span class='ocrx_word' id='word_1_333' title='bbox 0 0 1739 5200; x_wconf 95' lang='lat' dir='ltr'> </span> 
     </span>
    </p>
   </div>
  </div>
 </body>
</html>
