3459 5200
793 399 814 464 9

188 589 307 660 densus
340 611 382 658 an
414 591 530 660 leniter
562 591 707 678 efflatus,
739 599 845 660 utrum
877 613 978 663 sonus
1008 594 1077 663 alta
1108 615 1153 662 an
1180 593 1340 681 profunda
1370 614 1414 660 au

186 697 295 766 media
317 718 399 767 vooe
421 699 560 768 emissus
583 699 831 784 significaretur.
877 703 977 770 Immo
1005 700 1088 789 ipsis
1109 701 1270 770 vocalium
1296 701 1414 770 litteris

188 806 383 893 eonepiouae
407 812 500 874 erant
522 806 743 876 tantummodo
766 827 918 876 sonorum
941 808 1117 893 qualitates
1147 816 1181 876 et
1203 809 1412 894 quantitates.

187 914 294 1000 Atque
330 933 402 982 oum
438 913 601 983 vocalium
638 915 838 1000 quantitates
881 916 1058 1003 praecipue
1102 915 1415 984 animadvertendae

187 1026 297 1088 essent
322 1027 356 1089 st
382 1020 416 1087 in
443 1019 590 1090 oanendo
619 1021 653 1105 (i.
679 1042 707 1090 a
731 1023 765 1089 iu
787 1029 857 1090 arte
879 1021 1075 1109 rhythmica)
1103 1029 1137 1092 et
1158 1023 1194 1090 in
1217 1022 1413 1092 carminibus

187 1127 418 1214 componendis
450 1128 484 1216 (i.
507 1147 536 1198 e.
565 1129 599 1194 in
621 1135 692 1196 arte
718 1130 866 1211 metrias)
900 1136 933 1198 et
959 1129 994 1197 in
1026 1130 1227 1198 orationibus
1253 1129 1414 1200 habendis

187 1235 220 1314 (i.
245 1255 273 1304 e.
301 1236 335 1304 in
366 1242 437 1304 arte
464 1235 658 1323 rhetorica),
690 1257 749 1306 suo
781 1237 850 1306 iure
882 1245 1010 1307 veterae
1042 1239 1175 1307 semles
1207 1237 1415 1324 digesserunt

187 1361 348 1414 mensura.

276 1467 313 1535 Si
339 1467 602 1556 ponderabantur
630 1489 670 1537 ea
697 1469 852 1557 temporis
881 1470 999 1558 spatia,
1028 1491 1113 1556 quae
1137 1478 1261 1559 septem
1280 1459 1420 1538 -illaruin't¹

187 1575 346 1643 voealium
374 1577 445 1644 soni
473 1577 663 1664 explebant,
693 1577 790 1645 faoilo
814 1579 1074 1663 eognosoebatur
1096 1598 1207 1665 sonos,
1235 1579 1290 1665 qui
1307 1570 1415 1664 ‘signis

186 1683 323 1750 deantur
358 1684 444 1752 notis
476 1689 500 1743 H
535 1689 568 1752 et
601 1689 636 1771 Ω,
673 1703 826 1772 semper
862 1685 994 1772 explere
1030 1687 1222 1754 latissimum
1257 1674 1414 1774 temporis

187 1791 334 1878 spatium
356 1797 388 1858 et
418 1811 530 1872 sonos,
559 1792 613 1878 qui
642 1779 857 1878 insigniuntur
884 1793 1002 1862 litteris
1025 1799 1048 1852 l}
1071 1800 1104 1861 st
1127 1799 1159 1881 0,
1186 1813 1338 1882 semper
1358 1813 1414 1860 sx-

150 1885 152 1892 ’
186 1897 277 1984 plere
308 1899 535 1966 brevissimum
566 1898 716 1986 epatium.
769 1898 819 1968 Ob
850 1899 936 1968 hano
964 1899 1106 1985 indolem
1133 1907 1232 1987 atque
1263 1887 1413 1969 naturam

186 2004 436 2092 appellabantur
457 2006 504 2072 illi
528 2006 601 2074 soni
624 2013 782 2096 φωνήεντα
804 2006 854 2074 ἀεὶ
876 2010 1012 2096 μακρόν)
1035 2009 1088 2076 rel
1110 2012 1195 2098 φόοει
1213 2009 1345 2098 μηρί’)
1360 2008 1413 2075 rel

186 2112 315 2180 omnino
348 2118 466 2202 μακρά,
499 2112 533 2179 1ιί
565 2119 719 2204 φοινήεντα
751 2113 798 2180 ἀεὶ
832 2117 951 2203 βραχέα
980 2115 1035 2182 vel
1065 2120 1149 2205 φόοιι
1180 2115 1329 2206 βραχόῶ)
1360 2116 1414 2184 vel

187 2217 314 2286 omnino
347 2221 506 2309 βραχὲα“)
566 2220 616 2290 cf.
649 2220 783 2290 Aristid.
824 2219 958 2300 Quintil.
996 2221 1039 2290 de
1073 2223 1214 2292 musica.
1233 2223 1289 2292 lib.
1326 2223 1415 2292 Iso

185 2346 217 2412 μ.
242 2328 296 2413 28,
319 2328 363 2396 26
392 2326 457 2409 (ed.
480 2327 518 2393 Α
540 2327 636 2411 Iahn)
666 2338 725 2396 τῶν
754 2333 806 2418 μὲν
832 2326 885 2397 οὖν
911 2335 1082 2418 φωνηέντων
1107 2335 1145 2396 τὰ
1171 2336 1233 2419 μὲνΙ
1252 2330 1414 2420 όλαχίσαμ

115 2445 119 2454 ’
186 2440 287 2522 χρόνῳ
322 2439 548 2524 προενεχθηναι
579 2437 726 2523 δυνάμενα
756 2439 898 2525 βραχέα
928 2439 1054 2521 λέγεται,
1090 2441 1128 2503 τὰ
1152 2438 1184 2504 δ’
1214 2437 1247 2512 dt
1278 2439 1415 2528 ἀνάγκης

186 2541 298 2629 μείζονι
325 2547 460 2632 μακρά·
490 2545 530 2609 τὰ
553 2542 578 2610 δ’
601 2542 872 2633 ἐπαμφοτερίζοντα
898 2557 940 2632 τῷ
966 2551 1067 2633 χρόνῳ
1088 2548 1225 2613 καλεῖται
1247 2547 1413 2635 δίχροναι

186 2648 387 2737 Stephanum
409 2650 443 2718 in
464 2650 608 2719 Belrlrari
632 2652 691 2719 An.
706 2650 760 2719 (ir.
774 2652 808 2717 Π
823 2653 934 2731 illm
958 2656 1063 2740 μακρὰ
1085 2653 1118 2718 δὲ
1138 2650 1202 2719 εἶτα
1216 2655 1320 2735 .<se.
1335 2654 1413 2738 Dio.

186 2756 299 2843 nysius
322 2756 432 2823 'l'hrax
454 2778 486 2843 p.
512 2760 563 2842 10,
589 2761 606 2825 1
632 2757 694 2839 (ed
717 2756 852 2839 Uhl.)>
876 2762 913 2825 τὸ
931 2764 957 2819 Η
978 2763 1032 2826 καὶ
1051 2764 1086 2825 τὸ
1109 2765 1147 2836 tt,
1170 2758 1297 2849 α’)χόα
1320 2767 1414 2851 paso-

186 2868 255 2937 λαις
289 2875 443 2953 γραμμαῖς
477 2870 652 2953 νόχρηνται·
691 2868 816 2932 δόναται
851 2869 910 2952 γὰρ
945 2870 984 2933 τὰ
1020 2870 1137 2955 βραχέα
1168 2870 1327 2956 μεγάλαις.
1346 2881 1415 2943 ταῖς

185 2982 338 3060 γραμμαῖς
364 2976 550 3061 γράφεσθαι·
583 2972 649 3039 ἀλλ’
676 2970 777 3061 ἐπειδὴ
809 2984 868 3039 τῶν
898 2980 973 3059 πρός
1002 2970 1031 3041 τί
1057 2971 1114 3041 εἰσι
1139 2980 1193 3042 καὶ
1219 2981 1348 3062 κρίνεται
1373 2980 1413 3042 τὰ

187 3082 307 3164 μακρὰ
329 3080 371 3152 ὡς
393 3082 469 3165 πρὸς
490 3082 530 3145 τὰ
553 3082 702 3167 βραχέα
735 3083 788 3147 καὶ
806 3078 865 3147 ἔστι
888 3090 985 3148 satta
1007 3078 1151 3170 εἰρημένα
1171 3086 1264 3152 κατὰ
1286 3089 1414 3171 unoque

185 3188 248 3252 νόν
283 3184 434 3269 λόγονὶὖ)
471 3190 505 3255 τὸ
542 3189 599 3272 γὰρ
632 3190 748 3274 μακρόν
779 3189 832 3253 ναὶ
863 3189 963 3276 βραχὺ
993 3191 1073 3255 κατὰ
1102 3193 1326 3277 χρόνονλόγει
1359 3196 1413 3259 παῖ

186 3293 337 3383 διάστημα
368 3305 425 3381 της
457 3305 571 3383 possa
612 3292 850 3380 Melampodem
884 3314 943 3364 seu
979 3294 1171 3363 Diomedem
1202 3297 1236 3363 iu
1267 3297 1413 3365 Bekkeri

185 3400 247 3471 Au.
271 3401 327 3471 Gr.
350 3400 382 3467 11
407 3403 481 3481 let,
508 3404 549 3469 lo
578 3405 699 3489 μακρὰ
722 3403 756 3472 δὲ
775 3404 892 3484 λέγεται
913 3412 1010 3472 rotro
1037 3402 1073 3489 (i.
1096 3424 1125 3471 e.
1148 3402 1225 3493 119)
1248 3404 1291 3480 ὡς
1312 3410 1412 3493 παρὰ

185 3519 260 3582 τοῖς
286 3511 459 3581 παλαιοῖς
485 3508 518 3575 ἐν
546 3510 709 3576 διπλασίονι
735 3515 838 3597 χρόνῳ
865 3518 926 3576 τόν
952 3512 1115 3599 βραχέων
1141 3510 1353 3602 ἐκφανοόμενα
1379 3521 1413 3581 et

187 3615 323 3683 eundem
345 3616 366 3682 l.
391 3616 412 3687 l.
436 3639 467 3704 p.
492 3619 567 3703 l98,
593 3620 635 3688 13
658 3617 702 3685 ad
722 3618 876 3705 Dionysii
899 3618 1036 3687 'l'hraais
1057 3622 1105 3707 (p.
1130 3623 1181 3708 10,
1207 3626 1224 3689 l
1249 3621 1300 3691 ed.
1323 3620 1414 3704 ult)

185 3723 285 3791 verba
308 3727 426 3813 βραχέα
448 3727 510 3802 eoo,
534 3728 632 3793 Βοιαὶ
654 3731 690 3795 0:
718 3728 854 3813 δηλονότι
876 3724 909 3793 οἱ
930 3729 1079 3794 παλαιοὶ
1103 3738 1201 3795 ταῦτα
1226 3729 1262 3815 (i.
1286 3750 1314 3799 ο.
1339 3730 1411 3812 ΕΟ)

185 3838 426 3920 παρατρέχοντες
448 3831 627 3921 ἐφθέγγοντο
649 3839 702 3901 καὶ
724 3830 759 3900 od
781 3838 927 3923 τοοαότην
948 3833 1041 3920 ὤραν,
1069 3834 1142 3926 όοην
1163 3836 1211 3903 ἐπὶ
1233 3846 1287 3903 τοῦ
1310 3841 1336 3895 Η
1358 3840 1412 3903 καὶ

86 3932 90 3945 '
184 3950 236 4007 τοῦ
260 3944 293 4018 Ω,
321 3939 436 4008 ἐποίουν
463 3938 565 4026 ἐντῷ
593 3940 748 4030 ἐκφωνεῐν,
781 3940 865 4009 ἀλλὰ
896 3945 933 4008 τὸ
964 3941 1054 4032 ἧμαι
1080 3950 1181 4032 μόρος.
1233 3943 1280 4011 Oi.
1313 3944 1412 4011 etism

185 4045 550 4116 Pseudo-Theodosium
574 4046 639 4129 (ed.
664 4047 843 4135 Goottliug)
866 4070 900 4140 p.
919 4051 975 4131 32,
994 4052 1038 4119 25
1048 4070 1119 4137 sqq.
1165 4050 1232 4119 Sed
1254 4051 1352 4119 aliter
1373 4070 1411 4117 se

186 4226 394 4237 .-.—-....—...

277 4334 299 4403 ¹)
316 4334 357 4394 (li.
376 4334 491 4391 Aristot.
509 4334 563 4405 περὶ
581 4340 715 4407 ποιητικῆς
733 4351 759 4406 p.
780 4334 873 4393 isoes
891 4337 935 4393 11.

273 4422 298 4491 ¹)
317 4424 357 4483 Gi.
376 4424 491 4481 Βεπόιιπι
509 4424 678 4495 Empirioum
696 4443 724 4496 p.
742 4424 804 4491 em,
824 4425 857 4481 l'l
877 4423 930 4494 (sd
949 4426 1078 4491 Bekker).

276 4512 301 4582 ⁸)
320 4514 361 4573 cf.
374 4515 486 4584 Dionys.
499 4514 634 4571 Thraesm
651 4532 678 4585 p.
688 4513 825 4583 so‚1(a‹l
840 4514 926 4581 Uul),
940 4515 1054 4571 Sextum
1067 4514 1236 4585 Empirionm
1255 4534 1282 4585 p.
1295 4515 1355 4580 611,
1367 4515 1408 4569 13.

276 4602 299 4667 ⁴)
317 4604 359 4661 cf.
377 4605 491 4663 Aristot.
509 4604 563 4675 περὶ
581 4609 715 4675 ποιητικῆς
733 4621 761 4673 p.
780 4603 874 4660 lsosa
892 4605 934 4659 1u

276 4691 299 4763 ι)
318 4692 359 4749 Ol.
378 4692 499 4749 Crameri
520 4694 571 4750 An.
591 4692 653 4747 Par.
672 4692 711 4748 lV
729 4692 791 4757 411.
811 4692 924 4748 19-2tt
