3459 5200
597 540 797 638 A„

126 750 160 814 ll
185 769 256 832 sqq.
286 749 488 813 sententiam
516 749 680 831 proferat,
716 749 767 812 cui
802 749 947 813 similem
981 753 1017 813 ut
1044 749 1281 814 Heliodoream

126 854 288 935 impugnat
309 852 515 935 Hephaestio
538 874 569 935 p.
588 853 618 931 8,
637 853 674 916 17
693 873 763 936 sqq.
780 853 843 930 W.‚
867 857 981 917 tamen
1003 853 1160 917 Aristidis
1184 853 1282 934 sylla·

124 959 233 1021 bamm
268 956 494 1020 communium
529 955 709 1038 descriptio
749 956 888 1020 omnino
926 956 1010 1020 adeo
1049 957 1206 1021 dissentit
1238 958 1280 1020 ab

124 1059 318 1124 Heliodorea
347 1059 401 1141 (cf.
432 1059 597 1124 Choerob.
627 1079 717 1142 exeg.
746 1080 778 1141 p.
801 1060 843 1123 46
866 1081 915 1142 sq.
940 1063 972 1123 et
994 1059 1144 1142 tna-54),
1177 1063 1223 1136 ut,
1253 1059 1280 1122 si

122 1164 216 1228 modo
240 1162 340 1227 etiam
363 1162 525 1227 hocloco
549 1162 772 1227 differentiam
795 1162 964 1244 quandam
987 1182 1057 1227 non
1072 1163 1190 1228 deesse
1205 1183 1281 1244 per·

122 1266 254 1348 pendas,
279 1285 354 1330 cum
377 1266 577 1331 Heliodorus
601 1267 642 1330 de
666 1266 747 1330 solis
770 1266 922 1330 versibus
952 1266 1097 1331 heroicis
1126 1267 1280 1344 disserat,

122 1369 281 1434 Aristides
305 1369 346 1433 de
370 1370 506 1451 syllabis
529 1369 694 1433 universis
718 1370 883 1452 loquatur,
906 1370 977 1434 iure
1001 1371 1281 1448 dubites'utrum

119 1471 281 1537 Aristides
306 1493 346 1536 ex
369 1473 442 1554 ipso
464 1473 648 1538 Heliodoro
671 1493 715 1538 an
739 1493 778 1537 ex
802 1474 873 1538 eius
892 1472 985 1538 fonte
1007 1475 1090 1538 haec
1112 1477 1281 1538 mutuatus

121 1576 171 1639 sit.
215 1574 328 1658 Neque
351 1576 392 1640 de
414 1575 602 1640 Philoxeno
632 1575 812 1659 quidquam
841 1576 1000 1641 affirmari
1027 1581 1148 1659 potest.
1193 1577 1281 1658 Ergo

120 1681 181 1743 hoc
204 1679 313 1743 solum
336 1683 469 1744 constat
492 1681 694 1761 exscriptum
719 1699 793 1744 esse
816 1680 857 1744 ab
882 1700 922 1744 eo
944 1680 1092 1744 libellum
1114 1680 1280 1762 quendam

119 1782 266 1847 eiusdem
289 1782 473 1860 doctrinae,
497 1783 590 1847 cuius
614 1787 801 1847 assectator
830 1787 901 1848 erat
929 1783 1151 1865 Hephaestio;
1181 1803 1281 1866 quarn

119 1885 329 1968 disciplinam
368 1885 435 1950 iam
474 1886 642 1968 cognitam
676 1886 780 1952 luisse
813 1887 973 1969 Dionysio
1007 1887 1280 1952 Halicarnasensi

117 1989 244 2053 rhetori
266 1988 379 2052 docuit
402 1988 563 2071 Georgius
581 1990 736 2074 Amsel1).
782 1990 936 2072 Optimae
959 1996 1059 2055 notae
1081 1991 1186 2056 fuisse
1209 1992 1280 2056 eius

118 2093 227 2156 fontes
252 2110 321 2155 non
345 2092 446 2156 modo
469 2093 505 2155 in
528 2093 714 2175 rhythmica
738 2098 770 2158 et
790 2094 987 2158 harmonica
1001 2097 1082 2171 arte,
1105 2095 1282 2160 sedetiam

118 2196 153 2258 in
176 2194 315 2260 metrica
338 2200 487 2272 constat;
516 2197 605 2280 quod
633 2197 791 2261 iudicium
820 2197 973 2278 congruit
1001 2217 1076 2261 cum
1105 2199 1169 2277 eis,
1197 2219 1281 2281 quae

119 2318 221 2381 supra
244 2299 284 2363 de
309 2299 427 2380 capitis
450 2300 520 2382 περὶ
544 2295 717 2383 ποιήματος
744 2300 852 2383 pretio
882 2299 1117 2380 disseruimus,
1151 2303 1211 2366 sed
1239 2302 1281 2366 ad

115 2405 243 2466 certum
278 2402 445 2483 quendam
478 2403 650 2468 hominem
688 2402 931 2487 explorandum
968 2424 1011 2468 ne
1048 2425 1088 2468 ex
1124 2405 1281 2470 universa

113 2505 250 2588 quidem
273 2506 415 2569 fontium
439 2506 566 2588 analysi
590 2507 772 2590 quidquam
792 2507 974 2588 proficitur.

203 2712 222 2779 ¹)
242 2712 260 2764 l.
279 2729 301 2765 c.
321 2730 345 2781 p.
364 2714 406 2766 36.
