3459 5200
698 560 736 623 17

220 765 343 830 Parum
367 767 461 828 00010
483 763 595 829 Hense
624 765 709 848 (1.0.
738 785 769 847 p.
795 765 870 847 155)
896 783 937 830 ex
966 785 1017 844 eo,
1047 765 1136 848 quod
1163 764 1218 830 bio
1246 766 1297 830 di·

136 872 227 933 serte
241 867 499 933 Choerohosous
515 867 695 951 genuinum
710 888 785 934 esse
799 868 1062 952 Hephaestionis
1078 868 1297 935 enchiridium

133 975 288 1050 testatur,
311 971 476 1036 conclusit
491 991 527 1036 re
541 991 620 1038 vera
642 976 700 1038 aut
719 975 828 1038 totum
851 972 1075 1038 enchiridium
1097 977 1155 1037 aut
1177 973 1296 1038 saltem

134 1075 225 1140 hanc
246 1074 298 1138 rel
322 1075 412 1140 illam
434 1074 524 1140 illius
546 1080 677 1159 partem
699 1095 719 1141 a
741 1075 914 1141 nonnullis
935 1075 1177 1159 Hephaestioni
1193 1074 1296 1140 101000

136 1178 337 1244 abiudicata.
381 1179 465 1244 Nam
489 1179 763 1246 Choerohoscum
790 1180 875 1245 baec
902 1199 972 1245 non
1001 1180 1190 1263 suspicione
1218 1181 1298 1244 duc·

135 1287 207 1347 tum
224 1281 404 1360 addidisse,
428 1283 488 1348 sed
509 1301 553 1347 ne
578 1283 658 1367 quid
674 1283 830 1348 omisisse
843 1283 1023 1362 videretur,
1046 1283 1097 1348 vel
1118 1283 1198 1347 inde
1219 1303 1298 1365 pro·

133 1385 247 1450 babile
274 1384 319 1463 fit,
347 1384 436 1467 quod
466 1385 509 1448 ab
537 1384 693 1450 omnibus
722 1384 962 1467 interpretibus
992 1385 1213 1451 enchiridium
1234 1405 1296 1468 pro

133 1507 296 1571 germano
328 1488 588 1570 Hephaestionis
623 1488 710 1554 libro
744 1487 898 1553 habitum
931 1508 1005 1553 csse
1037 1488 1180 1570 profert;
1213 1509 1298 1572 quae

135 1591 305 1657 sententia
331 1611 472 1674 prorsus
501 1591 544 1656 ad
572 1591 734 1674 liquidum
761 1591 954 1675 perducitur
983 1592 1112 1658 scholio
1140 1592 1296 1675 quodam,

134 1695 228 1779 quod
249 1694 399 1778 Dionysii
422 1695 563 1759 Thracis
593 1695 657 1759 arti
685 1695 855 1777 appictum
884 1699 945 1772 est,
974 1698 1136 1777 respecto,
1163 1695 1199 1759 in
1232 1716 1296 1779 quo

133 1802 374 1864 enumerantur
405 1795 445 1863 τὰ
478 1796 556 1863 ἑπτὰ
588 1796 763 1883 κεφάλαια,
799 1799 840 1863 de
874 1799 995 1882 quibus
1027 1799 1061 1863 in
1094 1818 1297 1882 unoquoque

135 1903 302 1986 scriptore
329 1902 507 1968 tractando
535 1903 686 1984 magistri
709 1902 884 1985 Byzantini
910 1922 1130 1986 praemonere
1153 1921 1296 1967 consue·

132 2010 263 2071 verant.
318 2006 441 2071 Omnia
474 2010 618 2089 septem,
653 2007 687 2070 111
721 2005 859 2089 quibus'
876 2007 1027 2089 quaestio
1060 2025 1162 2090 supra
1194 2007 1297 2089 sigui·

134 2111 242 2188 licata,
276 2109 365 2193 apud
399 2109 673 2175 Choerohoscum
693 2097 854 2186 'redeunt;
887 2109 963 2174 ride
997 2109 1101 2174 schol.
1135 2109 1171 2174 iu
1197 2109 1295 2174 Dion.

133 2215 258 2279 Thrac.
292 2213 327 2278 in
359 2214 485 2278 Anecd.
519 2231 626 2296 graec.
668 2214 720 2279 ed.
754 2214 848 2278 lmm.
882 2214 1010 2278 Beklrcr
1042 2214 1165 2295 (Berol.
1201 2214 1296 2296 1816)

132 2317 200 2382 vol.
229 2317 256 2380 ΙΙ
282 2337 314 2398 p.
343 2317 416 2396 671,
448 2317 487 2381 18
516 2337 588 2401 sqq.
632 2313 816 2403 ζητήσωμεν
841 2313 881 2380 τοὶ
908 2315 988 2381 ἑπτὰ
1013 2314 1180 2401 κεφάλαια,
1213 2314 1297 2401 λέγω

134 2417 177 2504 δή
204 2417 257 2485 τὸν
278 2417 396 2484 σκοπόν
419 2419 473 2501 (01.
498 2419 618 2486 Choer.
641 2441 673 2503 p.
697 2419 748 2500 33,
770 2419 908 2500 3-35,
931 2421 974 2503 6),
1000 2417 1037 2484 τὸ
1058 2417 1214 2505 χρήσιμον
1241 2420 1295 2501 (01.

134 2521 257 2587 Choer.
290 2543 322 2605 p.
356 2523 408 2603 35,
442 2523 570 2607 7-8),
600 2519 657 2607 τήν
685 2521 782 2588 αἰτίαν
808 2527 864 2608 ιής
893 2521 1067 2608 ἐπιγραφῆς
1094 2522 1294 2606 (01011001.

131 2648 165 2709 p.
189 2627 241 2705 35,
267 2627 424 2709 111-31),
451 2624 486 2691 τὸ
515 2624 640 2711 γνήσιον
668 2627 723 2709 (01.
747 2628 868 2692 Choer.
896 2648 928 2710 p.
952 2629 1004 2706 35,
1026 2628 1155 2710 9-13),
1177 2623 1234 2711 τήν
1255 2626 1297 2703 εἰς

132 2730 174 2794 τοὶ
201 2727 360 2813 κεφάλαια
387 2728 532 2814 διαίρεσιν
559 2730 613 2812 (01.
644 2730 765 2795 Choer.
794 2750 826 2812 p.
851 2731 902 2807 35,
930 2730 1101 2813 att-34),
1134 2728 1190 2813 τήν
1215 2728 1297 2807 τάξιν

132 2833 189 2914 (01.
218 2832 339 2897 Choer.
367 2851 399 2914 p.
428 2832 479 2911 36,
504 2834 642 2916 1-13)
670 2834 724 2897 καὶ
752 2830 786 2897 τὸ
816 2829 876 2896 ὑπὸ
897 2831 927 2895 τί
948 2828 1096 2916 ἀνάγεται
1115 2831 1151 2896 τὸ
1172 2831 1297 2916 προκεί-

134 2954 227 3021 μενον
251 2934 366 3021 βιβλίον
387 2934 440 3016 (01.
463 2935 584 3001 Choer.
607 2955 639 3017 p.
662 2937 713 3014 36,
740 2936 887 3017 13-18).

223 3038 309 3120 Ergo
320 3042 432 3103 utrum
444 3058 504 3121 pro
517 3039 670 3121 genuinis
683 3039 789 3105 505111
802 3038 871 3103 01111
882 3037 1113 3103 commentarii
1126 3057 1242 3116 neone,
1256 3058 1297 3103 ex

133 3144 190 3207 his
210 3142 439 3207 Choerohosci
460 3142 570 3207 verbis
592 3161 661 3206 non
677 3142 848 3221 discimus,
863 3161 978 3206 verum
993 3140 1137 3205 dilucide
1152 3161 1194 3207 ex
1207 3141 1297 3206 illius

131 3245 347 3311 enarratione
358 3246 602 3327 cognoscimus,
610 3246 846 3328 qualesaeculo
854 3265 886 3328 p.
895 3244 973 3309 Chr.
982 3264 1014 3308 u.
1021 3248 1116 3310 sexto
1129 3244 1297 3309 inscholis

132 3348 329 3432 Byzantinis
352 3348 612 3431 Hephaestionis
632 3348 852 3414 enchiridium
871 3347 1084 3412 circumferre
1106 3348 1196 3412 soliti
1219 3349 1296 3413 sint.

222 3452 370 3516 Primum
405 3452 539 3534 quidem
574 3451 811 3517 Choerohosco
846 3452 890 3517 ad
922 3471 1058 3517 manum
1091 3451 1152 3516 1011
1186 3452 1295 3534 ipsum

133 3554 369 3634 enchiridium,
407 3576 427 3619 a
463 3575 529 3637 quo
564 3556 701 3620 omnino
736 3556 806 3639 περὶ
839 3552 1012 3640 ποιήματος
1048 3555 1301 3626 enarrationem

132 3659 261 3724 0101000
298 3658 363 3723 hoc
401 3657 529 3722 scholio
566 3658 602 3723 fit
638 3657 931 3737 verisimillimum,
969 3677 1043 3722 0010
1088 3657 1298 3722 discernatur

131 3761 268 3827 libellus
296 3762 366 3845 περὶ
392 3758 565 3846 ποιήματος
594 3762 688 3844 quasi
718 3762 822 3845 ἕτερον
849 3758 974 3845 πόνήμοι
1003 3761 1131 3825 alibro
1152 3762 1222 3844 περὶ
1244 3758 1297 3844 μέ·

131 3886 225 3950 τροιν.
275 3865 440 3930 Eximitur
468 3866 556 3929 idem
584 3865 783 3930 dubitationi
813 3864 942 3930 scholio
969 3884 1002 3946 p.
1025 3864 1077 3941 35,
1099 3864 1236 3941 35-31,
1259 3864 1294 3926 10

131 3990 200 4053 quo
225 3969 339 4034 omnia
362 3969 538 4033 enchiridii
567 3968 712 4051 capitula
738 3988 779 4032 011
808 3968 926 4032 ordine
948 3970 1203 4042 enumerantur;
1231 3984 1296 4047 qua

132 4074 170 4136 in
194 4071 419 4152 descriptione
443 4077 591 4137 extrema
615 4071 872 4137 Choerohosous
895 4071 978 4136 haec
1000 4070 1098 4133 docet
1120 4068 1186 4132 stra
1208 4066 1295 4151 ζητεῖ

130 4176 190 4239 καὶ
219 4175 290 4258 περὶ
311 4173 611 4261 πολυσχηματίστων
633 4176 688 4237 aot
709 4171 790 4238 οὕτω
811 4172 935 4258 πληροῖ.
978 4174 1087 4255 Atque
1109 4172 1145 4236 in
1167 4172 1293 4236 nostris

130 4298 268 4363 quoque
297 4278 469 4343 codicibus
497 4277 719 4343 enchiridium
754 4278 862 4360 capite
894 4277 965 4360 περὶ
996 4272 1296 4358 πολυσχηματίστων

130 4380 329 4460 absolvitur,
360 4400 434 4446 curn
460 4384 538 4445 ante
560 4381 708 4464 priorem
730 4382 801 4464 περὶ
822 4378 996 4464 ποιήματος
1018 4374 1294 4443 commentarium

131 4485 248 4550 verbis
266 4476 490 4569 Ἡφαιστίωνος
514 4482 660 4569 μετρικῆς
686 4481 861 4568 εἰσαγωγῆς
883 4484 947 4566 (νο1
970 4476 1099 4568 μετρική
1122 4473 1295 4564 ιίσοιγωγή)

128 4588 204 4673 περὶ
228 4583 400 4671 ποιήματος
422 4606 528 4651 novus
551 4586 683 4651 libellus
707 4585 881 4650 indicetur.

1094 4704 1110 4754 3
