3459 5200
913 390 958 455 46

831 479 1041 488 —-————--

321 584 378 650 det
408 584 442 648 in
474 583 589 650 Heliae
621 584 770 652 mouaolri
804 582 1000 668 appendioe3
1038 581 1154 648 addita
1185 588 1261 649 suut
1292 583 1335 647 ab
1367 582 1553 648 Eustathio.

317 689 502 777 Ῥητορικῶς
525 691 725 776 comparavit
747 699 918 775 poetarum
941 689 1080 773 oritioos,
1104 689 1161 772 qui
1174 689 1363 756 suntveluti
1377 689 1555 772 magistra·

320 805 373 864 tus
397 797 503 882 poetis
531 797 710 882 praepositi
740 817 810 862 oum
843 795 1013 880 logistis‚¹)
1046 816 1077 860 ν.
1100 816 1132 878 g.
1157 794 1348 861 Eustathins
1370 816 1405 880 p.
1428 797 1481 880 32,
1507 798 1556 863 22

320 903 451 969 oritioos
475 903 654 989 appellarit
677 905 838 992 στροφνοὺς
861 905 1030 984 λογιστὰς
1051 911 1110 968 τῶν
1133 905 1395 989 στιχοορηοὸντων.
1441 901 1556 966 Finxit

320 1018 489 1094 poetarum
514 1009 653 1094 legistas
677 1009 866 1092 quaestione
890 1008 1003 1074 habita
1024 1007 1223 1074 indieavisse
1251 1008 1285 1072 in
1316 1009 1448 1074 Homeri
1480 1028 1553 1074 oar·

321 1117 461 1184 minibus
484 1115 662 1183 admissam
686 1136 760 1182 esse
782 1115 893 1196 ἄλογον
917 1117 1059 1202 σιοτολην
1082 1138 1117 1180 τε
1136 1119 1189 1180 καὶ
1203 1117 1324 1180 ἔκτασιν
1337 1126 1394 1180 τῶν
1410 1116 1556 1201 διχρόνων

320 1225 372 1290 διὰ
393 1229 429 1289 τὸ
452 1229 568 1311 μέτρον.

412 1347 582 1414 Eustathio
605 1352 738 1432 praesto
763 1355 833 1412 erat
856 1355 913 1411 aut
935 1345 1216 1430 uberius.primae
1229 1343 1421 1430 appendiois
1435 1345 1554 1411 Heliae

323 1454 471 1520 monachi
497 1456 663 1539 exemplar
685 1461 742 1520 aut
764 1454 894 1519 libellus
917 1451 974 1518 ille
1000 1453 1153 1518 metricus
1180 1451 1390 1535 Byzantinus,
1419 1472 1461 1517 ex
1488 1471 1554 1535 quo

324 1561 441 1627 liaustu
465 1569 539 1628 sunt
562 1561 678 1645 Heliae
701 1559 866 1645 appendix
881 1561 986 1644 prima
1004 1567 1038 1624 et
1055 1558 1182 1624 soholia
1197 1556 1462 1642 Hephaestionea
1475 1556 1553 1643 33²)

322 1688 398 1733 nam
422 1667 510 1753 apud
532 1668 738 1733 Eustathium
762 1667 887 1753 plenior
906 1674 957 1731 est
969 1685 1083 1732 versus
1097 1665 1123 1730 o
1139 1668 1203 1732 762
1218 1685 1316 1748 qnam
1330 1665 1364 1728 in
1380 1683 1421 1730 ea
1433 1665 1554 1731 Heliae

289 1791 291 1795 ·
322 1763 514 1861 appendieis
538 1775 641 1840 forma
664 1794 749 1858 quae
773 1773 881 1840 adhue
903 1771 1084 1857 innotuit³)

414 1897 567 1964 Ordinem
601 1897 818 1984 exemplorum
852 1898 894 1963 ab
923 1896 1099 1963 Heliodoro
1132 1896 1332 1982 prolatorum
1361 1895 1554 1962 llnstathins

322 2004 438 2071 leuiter
461 2005 611 2086 mutavit3
636 2005 675 2089 is,
700 2005 851 2088 quoniam
874 2025 907 2090 p.
930 2004 1230 2089 556,33-55Ἱ,8
1254 2003 1296 2069 de
1319 2023 1417 2069 versu
1438 2002 1467 2066 Ε
1486 2003 1554 2071 359

321 2114 390 2198 φίλε
413 2117 569 2199 κασίγνητε
593 2111 781 2196 disputavit,
805 2112 914 2175 omnia
937 2131 1022 2194 quae
1049 2109 1093 2176 ad
1122 2109 1206 2176 huno
1232 2130 1363 2176 versum
1390 2109 1555 2195 pertinent

323 2226 421 2302 atque
445 2218 678 2301 subsequentia
701 2218 851 2302 exempla
874 2217 1072 2282 Heliodorea
1086 2217 1291 2302 transcripsit
1304 2217 1426 2282 omisso
1441 2217 1474 2280 in
1487 2214 1555 2281 fine

322 2346 418 2392 versu
443 2323 541 2410 Ἀρες
561 2325 673 2410 Ἂμεςς
709 2323 760 2389 his
791 2322 921 2389 addidit
954 2323 1111 2408 exempla,
1144 2343 1229 2407 quae
1260 2329 1410 2409 speetaut
1440 2341 1556 2388 vooem

321 2433 411 2517 δαὴρ,
435 2431 510 2498 item
534 2431 567 2496 iu
589 2431 654 2496 fine
677 2430 798 2497 omisso
821 2449 919 2495 versu
940 2429 971 2493 K
994 2432 1069 2496 299.

411 2555 535 2623 Eodem
559 2555 672 2621 ordine
696 2561 834 2634 servato,
860 2553 919 2620 sed
942 2553 1250 2641 νοιοιιἈρεςἈρες
1273 2552 1387 2620 addito
1400 2552 1555 2639 repetivit

322 2664 513 2730 Eustalhius
535 2684 568 2749 p.
595 2664 690 2740 1540,
718 2666 759 2729 16
781 2662 883 2728 verba
907 2662 1120 2727 Heliodorea:

412 2770 543 2854 ἄλογον
568 2775 685 2857 μέντοι
710 2770 885 2853 συστολὴν
908 2774 1084 2855 χρονικην
1108 2773 1169 2833 καὶ
1196 2771 1340 2835 ἔκτασιν
1366 2770 1554 2853 παραδιδόα-

322 2901 370 2943 σιν
394 2877 425 2941 οῖ
448 2879 596 2943 παλαιοὶ
620 2876 652 2942 ἐν
675 2890 715 2961 τῷ

484 2986 563 3070 pile
586 2989 744 3069 κασίγνητε
767 2982 836 3060 <Δ
864 2982 927 3047 155
952 3010 991 3035 =
1015 2980 1041 3044 E
1065 2982 1131 3048 359
1156 3010 1196 3035 =
1222 2979 1254 3044 Φ
1278 2983 1389 3057 308>

323 3077 376 3137 καὶ

324 3235 536 3243 ---.-..-.

323 3317 496 3389 λανθμωπίαν,
516 3316 541 3379 ἒξ
560 3317 664 3389 ἀηάπης
682 3318 789 3380 πάντως.
817 3315 849 3369 ll
868 3315 902 3387 δὴ
920 3312 962 3369 οὖν
980 3316 1020 3388 μὴ
1038 3318 1081 3369 καὶ
1099 3316 1184 3389 ἡμεῖς,
1203 3313 1238 3378 εἰς
1257 3314 1314 3367 ὅσον
1332 3314 1436 3386 ἐφικτόν,
1454 3313 1554 3385 ἐξομοι-

322 3407 424 3478 ούμιθα
441 3413 476 3477 τῷ
494 3406 596 3476 τοιούτῳ
615 3413 693 3477 κριτη,
713 3404 860 3477 ἀλλὰπρὸς
879 3405 1003 3477 ἀπήνειαν
1020 3406 1063 3457 καὶ
1087 3403 1219 3476 δικάζομεν
1241 3405 1285 3457 καὶ
1308 3404 1555 3475 ἀποφαινόμεθα

321 3497 366 3549 καὶ
384 3498 416 3549 τὰ
434 3494 520 3558 πλείω,
548 3493 587 3565 ἐφ’
606 3488 643 3557 οἷς
662 3494 717 3547 οὔτε
736 3495 819 3565 πρέπει
838 3492 893 3546 οὔτε
911 3492 998 3557 ἄλλως
1021 3494 1084 3565 χρὴ,
1112 3493 1231 3564 πταίομεν
1257 3491 1393 3557 πολλάκιςς
1421 3492 1489 3545 ἀλλὰ
1516 3512 1554 3555 τις

322 3584 460 3656 rapiciani<
479 3583 626 3655 παρίσταται
644 3584 780 3656 βοηθοῦσα
797 3583 869 3655 ἡμῖν,
889 3582 924 3645 εἰς
942 3581 976 3655 ἣν
994 3581 1142 3651 ἀποβλέπων
1161 3581 1278 3654 ὁνμίνων
1291 3580 1393 3635 δύναται
1406 3583 1445 3653 μὴ
1459 3601 1554 3634 κατα-

322 3674 451 3745 φάσκειν
470 3672 538 3725 δεινὰ
551 3679 595 3725 τοῦ
609 3672 727 3743 ἀδελφοῦ,
746 3670 812 3744 μηδὲ
830 3670 1015 3742 ἀπηλεγέως
1033 3670 1128 3724 αὐτοῦ
1147 3671 1391 3743 καταφέρεσθαι
1419 3673 1552 3728 Animad-

322 3764 408 3819 vertit
427 3762 589 3817 Huslathius
609 3764 720 3817 Homeri
738 3782 849 3819 versum
867 3764 880 3817 Ι
899 3764 952 3817 309
975 3763 1028 3833 χρὴ
1052 3764 1095 3832 μὲν
1125 3760 1159 3832 δὴ
1187 3762 1228 3813 τὸν
1255 3760 1339 3831 μῦθον
1366 3760 1553 3832 ἀπηλεηὲως

322 3850 490 3903 ἀποειπεῖν.
515 3881 542 3890 -
569 3854 609 3907 De
631 3853 708 3907 verbi
736 3849 923 3921 ἀποφαίνεσθαι
949 3871 1000 3907 usu
1025 3853 1197 3907 Herodianeo
1224 3852 1258 3906 of.
1281 3852 1375 3916 hebra,
1402 3851 1553 3905 Herodiani

321 3941 425 4011 scripte
443 3942 498 3996 tria
516 3940 704 3995 emendatiora
722 3959 748 4011 p.
768 3939 831 3997 410.

415 4030 434 4096 ¹)
462 4032 502 4085 De
529 4030 639 4099 legistis
666 4030 700 4085 of.
724 4031 759 4084 M.
780 4031 814 4086 Η.
833 4031 863 4085 Ε.
884 4030 970 4084 Heier
993 4033 1022 4084 et
1041 4031 1074 4084 G.
1092 4030 1122 4083 F.
1141 4030 1321 4092 Selloemanm
1349 4029 1397 4083 der
1425 4028 1552 4083 Attische

323 4122 431 4175 Process
450 4120 503 4185 (ed.
523 4120 613 4174 altera
631 4120 666 4174 ab
685 4121 706 4174 Ι.
722 4119 756 4173 H.
770 4120 865 4189 Lipsio
883 4118 992 4187 sumta)
1010 4120 1064 4174 vol.
1084 4120 1097 4173 Ι
1117 4121 1169 4174 115
1186 4137 1248 4187 sqq.
1267 4122 1296 4173 et
1314 4119 1367 4173 459
1385 4135 1444 4186 sqq.

414 4210 434 4271 'l
463 4209 503 4263 Ol.
514 4210 756 4273 Hoersohelmanu‚
776 4209 822 4263 ein
841 4208 1027 4277 gdeohisohes
1040 4208 1184 4267 Lehrbuoh
1198 4208 1246 4263 der
1257 4207 1362 4262 Metrik
1379 4226 1407 4277 p.
1419 4207 1454 4261 14
1465 4210 1495 4261 et
1508 4206 1551 4260 69.

412 4296 434 4363 ³]
462 4299 642 4353 Eustathium
662 4302 712 4353 aut
737 4298 835 4353 Heliae
858 4298 987 4352 monaehi
1015 4297 1166 4367 appendice
1193 4296 1284 4366 prima
1310 4300 1361 4351 aut
1389 4296 1466 4351 fonte
1494 4296 1553 4351 eius

321 4387 475 4443 identidem
493 4406 573 4441 usum
593 4404 650 4442 esse
671 4387 734 4441 aliis
752 4386 819 4441 loois
838 4386 953 4456 prolatis
972 4386 1066 4441 docuit
1092 4386 1126 4442 H.
1146 4387 1321 4450 Grossmunn,
1350 4384 1385 4439 de
1412 4384 1553 4439 doctrinae

321 4476 454 4531 metricae
473 4476 598 4545 reliquiis
617 4477 652 4531 ab
671 4476 820 4530 Euslathio
839 4475 1163 4545 serratisp.12.18.ill.
1190 4476 1308 4529 Fontem
1321 4475 1395 4528 huno
1408 4473 1552 4527 metr-ioum

321 4566 485 4621 Eustathius
513 4566 582 4620 solet
609 4566 765 4635 signilioare
793 4565 882 4619 verbis
901 4561 925 4614 οἱ
945 4562 1060 4629 παλαιοί;
1089 4566 1122 4621 cf.
1143 4566 1219 4621 Husl.
1238 4582 1264 4633 p.
1284 4565 1345 4627 514,
1367 4564 1408 4617 18.
1427 4564 1489 4627 805,
1511 4564 1552 4619 19.

324 4656 402 4719 1465,
423 4655 536 4709 100011.
556 4656 588 4708 H.
609 4654 775 4709 Grossmann
794 4654 812 4707 l.
833 4654 851 4709 l.
870 4672 896 4723 p.
918 4657 999 4708 net
1020 4655 1061 4708 18.
