3459 5200
810 353 854 417 93

218 565 280 613 sne
300 546 405 632 ipsius
429 546 609 614 eruditione
631 546 760 633 prolatu
784 566 857 613 esse
880 547 1072 633 putaverim.
1119 544 1186 612 Sed
1214 546 1265 612 his
1294 545 1336 612 de
1363 546 1446 612 locis

219 652 380 719 disserere
408 655 499 739 nolo,
531 654 719 739 priusquam
747 652 825 718 mihi
852 653 982 719 licuerit
1007 652 1203 737 perscrutari
1230 652 1447 737 locupletissi-

218 780 305 825 mnm
328 760 408 826 iliud
432 760 641 849 ἐτομολογοιὸν
665 766 751 848 μέγα,
775 758 863 843 quod
885 778 970 825 nunc
994 759 1155 827 edendum
1178 765 1269 825 curet
1287 756 1447 825 Rieurdns

219 866 448 934 Reitzenstein.
458 868 479 945 ι)

712 1228 839 1340 Caput
871 1228 961 1315 VH.

350 1380 405 1449 De
433 1380 599 1447 Maximo
628 1381 803 1447 Piunude
831 1389 869 1447 et
894 1380 1090 1446 Demetrio
1118 1380 1319 1449 Triclinio.

702 1488 826 1569 (Sace.
854 1487 972 1569 XIII.)

310 1611 354 1677 Ut
377 1612 508 1678 saeculo
532 1632 563 1695 p.
589 1611 662 1677 Chr.
688 1632 717 1677 n.
744 1611 946 1696 duodecimo,
974 1612 1021 1677 ite
1049 1611 1180 1677 soeculo
1204 1610 1448 1678 decimotertio

222 1724 324 1797 erent,
350 1718 406 1801 qui
429 1718 591 1803 proprium
615 1719 771 1802 cuiusque
789 1718 915 1785 voeatis
930 1722 1010 1779 ΑΙΥ
1031 1717 1244 1801 quantitatem
1258 1736 1450 1783 conserven-

222 1823 298 1889 dam
322 1843 395 1890 esse
419 1823 581 1890 docerent.
628 1825 732 1891 Huius
757 1824 924 1891 doctrinae
947 1829 1070 1890 tutores
1093 1822 1221 1889 inerunt
1244 1823 1375 1889 soeculo
1394 1822 1449 1889 de-

222 1931 305 1997 cimo
337 1931 431 1995 tertio
463 1930 650 1997 Maximus
682 1931 859 1997 monachus
891 1929 1128 2014 Planndes²i
1161 1938 1194 1995 et
1224 1929 1450 1996 Demetrius

213 2035 485 2121 ·'l'riclinins‚⁸)
514 2038 569 2120 qui
593 2057 666 2102 cum
689 2057 751 2104 suc
773 2046 883 2103 aetate
906 2044 974 2103 tum
996 2037 1229 2122 posterioribus
1252 2036 1450 2122 temporibus

223 2142 266 2207 ad
291 2142 455 2209 saeculnm
479 2142 775 2209 duodevicesimnm
799 2163 903 2228 usque
926 2142 1015 2228 opud
1030 2142 1172 2209 editores
1194 2150 1364 2227 poetarum
1385 2149 1449 2208 tru-

223 2250 369 2333 gioornm
405 2248 561 2333 imprimis
603 2249 774 2335 Sophoclis
811 2250 994 2316 fabularum
1030 2250 1223 2315 anctoritate
1259 2248 1453 2335 permultum

222 2357 334 2421 valuit.

576 2463 599 2527 Ι.
647 2464 702 2529 De
725 2463 890 2528 Maximo
914 2461 1098 2531 Plunude.

312 2568 575 2636 Versificetorum
599 2569 654 2654 qui
678 2570 809 2636 saeculo
832 2589 863 2655 p.
889 2568 961 2637 Chr.
985 2590 1016 2634 n.
1046 2568 1172 2635 decimo
1199 2568 1295 2635 tertio
1324 2568 1451 2635 suerunt
1546 2551 1549 2558 “

224 2683 326 2742 artem
349 2677 515 2741 metricum
540 2696 598 2742 suo
621 2677 690 2742 iure
718 2677 878 2742 Maximus
906 2675 1072 2742 Plenudes
1104 2675 1225 2742 diserte
1257 2675 1453 2760 improbavit

224 2783 356 2866 dialogo
390 2782 446 2847 illo
478 2787 545 2868 περὶ
575 2795 800 2870 γραμματικῆς,
833 2802 928 2865 quem
961 2781 1065 2848 edidit
1094 2781 1175 2847 Lnd.
1199 2782 1387 2847 Baohmonn
1419 2783 1453 2847 in

224 2889 346 2955 Anecd.
372 2890 487 2956 Graec.
510 2889 572 2956 vol.
596 2890 627 2953 11
651 2890 753 2975 (Lips.
782 2891 877 2967 1828)
901 2910 933 2975 ρ.
958 2893 1011 2973 98,
1038 2893 1095 2956 1οε
1116 2889 1242 2978 Ἴαμβον
1266 2886 1373 2955 δ’ἀντὶ
1395 2898 1454 2955 τῶν

224 2996 302 3064 ἐπῶν
318 2995 435 3062 εἵλοντο
450 3002 502 3062 καὶ
515 3008 590 3070 τοῖς
603 3006 673 3062 τῶν
697 2997 877 3084 διχρόνων
902 2998 1010 3085 μηδὲν
1034 2987 1317 3070 διοιστὲλλοντες
1339 2997 1453 3084 ἐχρή-

225 3127 333 3169 σαντο
369 3109 531 3190 χρόνοις,
563 3108 678 3169 πάντα
711 3105 746 3168 δὲ
777 3106 958 3190 συστολῆς
989 3102 1150 3169 ἐνταῦθα
1181 3108 1243 3169 καὶ
1275 3102 1454 3175 ἐκτάσεως

226 3216 390 3298 μετέχειν
411 3214 741 3298 νομοθετήσαντες.
788 3205 950 3275 Ἐντεῦθεν
981 3212 1018 3296 δὴ
1050 3215 1103 3275 οιαὶ
1130 3213 1245 3276 πόλεων
1271 3221 1374 3276 πασῶν
1402 3213 1455 3275 καὶ

225 3317 393 3404 ἀνθρώπων
415 3315 547 3404 ὀνόματα
571 3317 663 3404 μηδὲν
692 3321 894 3404 μετρήσαντες
921 3328 985 3389 τοῖς
1015 3316 1170 3404 ἐμμέτροις
1202 3315 1370 3404 ἐνήρμοσαν
1402 3320 1455 3381 καὶ

224 3433 334 3489 ταῦτα
357 3427 478 3490 πάντα
501 3425 748 3511 τολμήσαντες
781 3427 883 3510 σεμνοὶ
915 3424 1013 3489 δοκεῖν
1045 3425 1214 3506 [initiorum.
1247 3423 1290 3496 ὡς
1320 3421 1455 3510 ἔμμετρα

226 3537 401 3618 γράφουσιν·
430 3529 565 3618 ἄμετρα
592 3529 639 3603 ὡς
667 3529 818 3618 ἀληθῶς
846 3535 907 3595 καὶ
940 3532 1048 3618 μηδὲν
1080 3537 1311 3617 προσήκοντα
1343 3536 1455 3617 μέτρῳ

227 3637 495 3722 σονείροντες.*)

319 3813 339 3881 ¹)
368 3813 407 3868 Cf.
426 3813 565 3868 uberrime
582 3813 634 3869 ills.
657 3814 817 3884 specimine,
840 3831 914 3883 qnee
931 3813 1020 3870 edidit
1038 3814 1069 3868 in
1091 3813 1228 3868 indicibus
1249 3813 1403 3868 lectionum
1425 3813 1456 3866 in

226 3903 303 3958 seed.
322 3902 512 3957 Rostoehiensi
531 3920 596 3959 sem.
614 3903 719 3961 hibern.
739 3921 764 3958 e.
783 3903 897 3972 1890191
916 3906 945 3957 et
965 3901 1078 3969 1891192
1096 3901 1295 3958 habendarum.

318 3989 340 4059 ²)
369 3991 408 4046 De
426 3991 543 4045 Maximi
562 3991 695 4046 Plunudis
713 3995 808 4048 aetate
827 3992 860 4046 ef.
872 3991 900 4046 G.
911 3991 1102 4046 Krnmbuoher
1114 3991 1145 4044 in
1158 3991 1207 4045 lw.
1217 3989 1341 4055 Mueller,
1360 3990 1455 4044 Hund·

227 4080 298 4135 buch
317 4079 343 4134 d.
362 4079 447 4134 kluss.
468 4080 694 4135 Aitertumswiss.
714 4081 766 4136 vol.
786 4080 825 4135 IX
843 4085 916 4151 pert.
937 4082 951 4134 1
972 4078 1111 4147 (Monsehi
1131 4078 1211 4146 1891)
1229 4097 1256 4149 ρ.
1274 4079 1337 4133 248.

319 4167 341 4236 Ι)
368 4169 541 4224 Demetrium
569 4169 732 4224 Triclininm
764 4173 881 4224 exeunte
908 4169 1016 4224 soeculo
1043 4168 1149 4224 decimo
1176 4169 1260 4223 tertio
1288 4171 1317 4222 et
1343 4167 1458 4223 ineunte

227 4257 336 4313 soeculo
358 4257 464 4312 dommo
487 4261 587 4327 quarto
610 4258 710 4314 vixisse
733 4259 843 4313 monuit
870 4257 1042 4314 Studemnnd
1070 4257 1101 4312 in
1128 4257 1222 4312 lndioe
1248 4256 1400 4312 lectionum
1427 4256 1457 4310 in

227 4346 302 4402 univ.
322 4347 378 4402 litt.
397 4347 477 4402 Vret.
496 4365 545 4417 per
563 4347 646 4403 hiem.
666 4365 691 4402 e.
712 4347 827 4414 1887188
845 4347 1037 4402 habendorum
1054 4365 1081 4417 p.
1100 4347 1126 4401 8.

319 4435 341 4504 ⁴)
368 4436 457 4502 Quum
480 4440 555 4492 recte
582 4436 721 4490 Maximus
748 4436 887 4491 Pisuudes
912 4436 1085 4501 iudicaverit,
1114 4435 1196 4490 focile
1222 4435 1398 4505 cognoscitur
1424 4451 1459 4488 ex

227 4523 387 4594 Mphrodmii
414 4525 543 4590 ueneriis,
572 4525 649 4580 onius
677 4528 767 4580 ortem
794 4525 939 4580 metrieum
966 4525 1122 4580 illustravit
1148 4525 1265 4594 Hilberg
1290 4524 1321 4577 in
1344 4523 1459 4579 Wiener

228 4611 344 4668 Studien
361 4614 415 4669 voL
434 4613 460 4668 X
479 4632 505 4684 p.
525 4614 560 4669 to
578 4631 637 4684 sqq.
1123 4626 1128 4635 '
