3459 5200
920 406 966 472 44

414 602 528 685 Neque
552 609 660 667 tamen
682 599 857 666 Heliodoro
881 599 1026 685 configit,
1060 605 1096 664 ut
1125 598 1314 684 explicaret,
1347 618 1430 682 quas
1464 597 1558 682 leges

328 714 458 774 secutus
480 713 579 793 poeta
601 705 779 792 productas
801 706 934 774 vocales
957 710 1038 765 111
1062 703 1240 772 identidem
1254 704 1440 790 corriperet,
1456 703 1558 771 veluti

327 835 392 898 qua
415 835 433 880 e
456 814 530 898 lege
553 813 692 880 mediam
716 813 878 899 syllabam
901 811 992 878 vocis
1016 812 1115 878 εἴασεν
1137 811 1180 891 (K
1195 813 1274 890 299)
1296 818 1467 896 correptae
1485 811 1557 877 loco

328 921 473 998 haberet
497 921 606 987 facere
629 940 693 986 non
715 926 853 1005 poterat,
879 919 956 1002 quin
986 917 1144 985 fateretur
1165 917 1261 984 huins
1283 917 1375 984 vocis
1399 917 1560 1002 syllabam

327 1026 469 1094 mediam
492 1033 605 1093 contra
627 1046 720 1092 nsum
748 1045 949 1092 communem
972 1045 1013 1092 ac
1036 1025 1195 1091 rationem
1218 1025 1240 1092 i.
1255 1046 1283 1091 e.
1298 1025 1441 1109 ἀλόγως
1464 1023 1559 1090 metri

327 1153 428 1201 causa
451 1155 472 1199 a
494 1140 594 1220 poeta
616 1139 797 1218 correptam
821 1134 935 1210 esse.¹)

414 1239 516 1325 Idem,
539 1247 576 1305 ut
597 1239 732 1323 agnovit
753 1240 786 1304 in
809 1238 973 1306 nonnullis
1000 1239 1168 1306 vocabulis
1204 1238 1434 1325 productorum
1463 1257 1557 1304 roca-

326 1347 404 1414 lium
436 1352 518 1407 ΑΙΥ
547 1345 658 1428 ἄλογον
688 1349 845 1434 mosetto,
878 1344 926 1410 ita
959 1346 1074 1412 statuit
1105 1346 1140 1410 in
1177 1345 1252 1412 aliis
1283 1342 1453 1410 vocabulis
1484 1363 1558 1410 esse

327 1454 439 1537 ἄλογον
459 1454 577 1520 ἔντασιν
600 1460 819 1539 correptorum
837 1451 999 1519 vocalium
1019 1457 1111 1535 AlT,
1127 1471 1323 1536 quamquam
1335 1451 1450 1516 harum
1461 1469 1558 1516 voca·

328 1561 406 1627 lium
427 1560 673 1647 productionem
696 1559 737 1626 ab
761 1559 902 1626 Homero
930 1557 1111 1625 admissam
1139 1557 1295 1644 perfacile
1323 1577 1365 1623 ex
1393 1577 1434 1624 ea
1460 1577 1558 1642 quam

328 1668 572 1752 excogitaverat
603 1665 751 1734 leonina
787 1670 854 1752 περὶ
886 1678 989 1753 αανης
1021 1668 1175 1750 συλλαβῆς
1206 1665 1383 1749 explanare
1413 1671 1557 1750 poterat3

304 1775 426 1840 ¹veluti
448 1779 577 1860 poterat
599 1772 764 1857 explicare
786 1773 924 1859 primam
946 1772 1038 1838 vocis
1062 1771 1165 1858 ἀνέρες
1187 1772 1226 1851 (Ζ
1243 1774 1317 1849 112)
1339 1770 1500 1856 syllabam
1514 1770 1557 1836 ah

326 1880 466 1946 Homero
490 1878 679 1964 productam
709 1899 782 1946 esse
809 1882 889 1946 αααᾰ
914 1885 966 1945 τὸν
992 1885 1100 1964 τρόπον
1127 1890 1181 1966 τῆς
1208 1877 1307 1951 ὀξείας
1334 1877 1556 1966 ἀναφερομένης,

327 1985 369 2052 de
400 2006 464 2070 quo
496 1986 645 2052 conferas
678 1985 893 2070 Studemund,
924 1987 987 2054 Au
1013 1985 1090 2054 Var.
1114 1986 1177 2051 vol.
1206 1986 1222 2050 l
1249 1987 1443 2070 52268111·
1491 1982 1558 2049 Sed

325 2091 429 2157 noluit
450 2091 696 2178 productionem
719 2092 882 2159 vocalium
905 2097 987 2152 ΑΙΥ
1011 2093 1044 2158 in
1068 2091 1117 2183 eis
1141 2111 1225 2175 qnae
1254 2092 1366 2157 citarit
1388 2088 1556 2157 vocabulis

326 2199 368 2264 ab
392 2197 533 2265 Homero
556 2197 734 2265 admissam
758 2219 776 2265 e
800 2218 860 2265 sua
883 2202 952 2284 περὶ
974 2211 1078 2286 servus
1101 2201 1256 2282 συλλαβῆς
1279 2197 1427 2264 doctrina
1440 2198 1488 2262 ita
1502 2215 1557 2262 ex·

326 2304 471 2390 planare,
494 2313 531 2370 ut
552 2302 677 2386 εάλορος
701 2325 775 2372 esse
802 2304 982 2388 rideretur,
1015 2305 1111 2371 immo
1140 2304 1262 2372 diserte
1289 2303 1401 2370 docuit
1427 2304 1462 2368 in
1490 2303 1556 2370 illis

327 2411 493 2477 vocabulis
517 2410 694 2478 admissam
718 2431 792 2478 esse
815 2418 873 2478 aut
896 2418 1117 2498 correptamm
1143 2411 1306 2478 vocalium
1334 2414 1417 2471 111
1444 2408 1555 2491 ἄλογον

324 2517 444 2585 ἔντασιν
467 2525 525 2584 aut
545 2516 776 2604 productarum
798 2517 961 2584 vocalium
985 2521 1067 2578 alt
1091 2517 1202 2599 ἄλογον
1226 2521 1382 2606 unoculus.

415 2714 584 2800 Perpauca
607 2712 774 2779 doctrinae
796 2712 893 2779 huius
916 2712 1133 2804 Heliodoreae
1161 2714 1344 2797 fragmenta
1371 2720 1552 2801 supersunt.

414 2821 452 2885 In
476 2839 516 2885 ea
537 2819 641 2885 libelli
664 2820 752 2886 illins
775 2820 900 2885 metrici
922 2820 1095 2906 Byzantini
1118 2820 1315 2904 recensione,
1335 2840 1420 2904 quae
1444 2820 1554 2906 appel-

325 2928 411 2992 latur
433 2924 630 3012 appendix
653 2924 865 3010 rhetorica,
894 2932 993 3011 caput
1019 2931 1087 3013 περὶ
1114 2932 1286 3011 matrinas<
1313 2928 1467 2994 omissum
1493 2932 1552 2993 est

415 3032 447 3099 Is
462 3033 619 3117 magister
632 3033 833 3118 Byzantinus
847 3032 905 3116 qui
928 3032 1184 3119 appendicem
1200 3033 1552 3120 Hephaestioneam

326 3157 384 3206 sen
406 3137 521 3204 librum
546 3140 688 3223 quintum
713 3138 906 3205 scholiorum
929 3139 1265 3225 Hephaestioneorum
1290 3140 1317 3205 B
1344 3138 1399 3223 (cf.
1424 3138 1554 3207 Scholia

325 3245 589 3333 Hephaestionea
605 3246 710 3311 altera
725 3244 776 3311 ed.
793 3245 1070 3317 Hoerschelmann
1084 3246 1234 3333 [Dorpati
1251 3246 1347 3331 1882]
1363 3267 1395 3332 ρ.
1410 3244 1552 3332 18-30)

325 3352 516 3438 composuit,
540 3360 638 3439 capnt
660 3357 726 3438 περὶ
749 3358 938 3439 mundusne,
963 3352 1049 3435 quod
1072 3353 1207 3438 protulit
1230 3354 1263 3434 (l.
1289 3354 1309 3418 l.
1333 3374 1366 3439 p.
1391 3355 1553 3431 21,14-

324 3461 378 3544 28,
406 3461 471 3544 ll),
496 3458 731 3543 conglutinavit
754 3478 795 3524 ex
818 3457 1016 3525 Heliodorus
1039 3457 1197 3543 docuins,
1221 3480 1318 3543 quam
1333 3480 1351 3526 e
1365 3458 1477 3525 libello
1496 3458 1552 3524 illo

325 3564 457 3631 metrico
480 3564 661 3650 Byzantina
686 3572 893 3650 cognoverat,
918 3572 951 3631 et
974 3584 1014 3630 ex
1038 3565 1289 3650 Hephaestionis
1313 3570 1358 3650 (p.
1377 3568 1429 3651 10,
1445 3568 1465 3633 8
1480 3585 1551 3649 sqq.

325 3671 376 3738 ed.
391 3668 552 3757 Westph.)
583 3670 692 3756 capite
720 3676 788 3757 περὶ
811 3677 1081 3758 ωνεκρωνόαεωςς
1113 3671 1153 3738 cf.
1176 3671 1268 3738 Voltn
1290 3671 1312 3739 l.
1336 3673 1357 3736 l.
1382 3692 1413 3756 p.
1439 3673 1480 3740 lc
1503 3691 1551 3755 sq.

326 3785 358 3843 et
380 3775 666 3860 Hoerschelmann,
692 3777 744 3843 ein
767 3777 988 3861 griechisches
1010 3777 1180 3845 Lehrhuch
1202 3800 1233 3864 p.
1252 3780 1293 3845 14
1308 3785 1342 3844 et
1355 3780 1408 3847 69.
1450 3778 1551 3862 Idem,

324 3883 477 3969 qnoniam
500 3883 585 3949 solet
606 3883 708 3950 verba
732 3882 834 3949 libelli
858 3883 947 3950 illius
970 3884 1096 3950 metrici
1118 3884 1292 3970 Byzantiui
1320 3884 1417 3952 modo
1440 3886 1552 3950 immu-

415 4130 437 4197 ¹)
467 4130 557 4186 Verba
575 4128 699 4201 ἀλόγως
718 4134 748 4187 et
765 4127 905 4202 εὐλόγως
928 4133 1065 4202 Georgius
1087 4132 1296 4197 Choeroboscus,
1323 4132 1373 4187 ubi
1400 4132 1550 4189 doctrinam

322 4220 356 4277 de
374 4220 482 4289 syllaba
500 4220 639 4275 communi
657 4220 799 4289 explicuit,
818 4220 972 4276 identidem
989 4222 1136 4291 usurparit
1154 4221 1184 4275 in
1202 4220 1387 4276 Studemundi
1399 4224 1450 4277 dn.
1460 4221 1552 4276 Vani

322 4309 365 4375 48,
386 4309 428 4363 11.
447 4307 491 4373 48,
510 4309 536 4362 2.
554 4308 599 4373 54,
619 4310 643 4363 1.
664 4309 705 4364 18.
725 4310 760 4364 14
778 4309 837 4377 (sed
856 4306 911 4360 ads
928 4307 1068 4379 ἀκαίρως
1094 4310 1251 4379 Melampus
1274 4326 1323 4364 seu
1350 4310 1495 4366 Diomedes
1521 4308 1553 4364 in

324 4398 442 4453 Beirkeri
459 4398 512 4452 Am
532 4398 628 4453 Graec.
647 4397 674 4451 Π
692 4396 754 4462 830,
772 4397 815 4453 38.
834 4398 897 4463 838,
915 4398 960 4453 86.
979 4399 1040 4464 884.
1059 4398 1118 4467 80);
1146 4399 1181 4454 cf.
1198 4398 1286 4454 etiam
1304 4397 1553 4454 Pseudo-Tricham

321 4487 352 4541 in
371 4485 529 4557 Appendice
547 4486 583 4541 ad
602 4486 754 4541 Draconem
776 4486 1011 4542 Stratonicensium
1034 4487 1088 4556 (ed.
1107 4487 1150 4542 Fr.
1169 4486 1307 4543 cetuna
1323 4486 1397 4557 Ilipa
1418 4487 1501 4555 1814)
1523 4504 1551 4556 ρ.

322 4576 410 4642 46,19
428 4571 457 4626 od
471 4571 662 4653 παραλόγως
679 4574 724 4625 sal
745 4576 813 4626 sarit
830 4571 949 4645 ἄλογον
966 4574 1040 4643 (cod.
1058 4573 1118 4629 ἄνεω
1134 4574 1225 4647 λόγον)
1243 4574 1352 4629 didatus
1369 4574 1551 4647 ποιητικήν,

321 4662 358 4725 ὥς
375 4678 438 4724 τινες
456 4659 565 4731 λέγουσι,
584 4664 616 4714 τὰ
634 4668 738 4714 τοιαῦτα
755 4662 856 4729 γίνεται.
