<?xml version="1.0" encoding="UTF-8"?>
<!DOCTYPE html PUBLIC "-//W3C//DTD XHTML 1.0 Transitional//EN"
    "http://www.w3.org/TR/xhtml1/DTD/xhtml1-transitional.dtd">
<html xmlns="http://www.w3.org/1999/xhtml" xml:lang="en" lang="en">
 <head>
  <title>
</title>
<meta http-equiv="Content-Type" content="text/html;charset=utf-8" />
  <meta name='ocr-system' content='tesseract 3.04.00' />
  <meta name='ocr-capabilities' content='ocr_page ocr_carea ocr_par ocr_line ocrx_word'/>
</head>
<body>
  <div class='ocr_page' id='page_1' title='image "./detacitosenecae00zimmgoog_0382.png"; bbox 0 0 3459 5200; ppageno 0'>
   <div class='ocr_carea' id='block_1_1' title="bbox 620 559 820 658">
    <p class='ocr_par' dir='ltr' id='par_1_1' title="bbox 620 559 820 658">
     <span class='ocr_line' id='line_1_1' title="bbox 620 559 820 658; baseline -0.01 0"><span class='ocrx_word' id='word_1_1' title='bbox 620 559 820 658; x_wconf 51' lang='lat'>„55—</span> 
     </span>
    </p>
   </div>
   <div class='ocr_carea' id='block_1_2' title="bbox 122 763 1303 4367">
    <p class='ocr_par' dir='ltr' id='par_1_2' title="bbox 135 763 1303 953">
     <span class='ocr_line' id='line_1_2' title="bbox 135 763 1303 852; baseline -0.01 -17"><span class='ocrx_word' id='word_1_2' title='bbox 135 771 250 852; x_wconf 89' lang='lat' dir='ltr'>partes</span> <span class='ocrx_word' id='word_1_3' title='bbox 278 769 381 834; x_wconf 91' lang='lat' dir='ltr'>fuisse</span> <span class='ocrx_word' id='word_1_4' title='bbox 411 769 613 850; x_wconf 86' lang='lat' dir='ltr'>significatas</span> <span class='ocrx_word' id='word_1_5' title='bbox 643 768 781 850; x_wconf 90' lang='lat' dir='ltr'>eiusque</span> <span class='ocrx_word' id='word_1_6' title='bbox 808 768 911 832; x_wconf 91' lang='lat' dir='ltr'>verba</span> <span class='ocrx_word' id='word_1_7' title='bbox 939 768 981 831; x_wconf 88' lang='lat' dir='ltr'>ab</span> <span class='ocrx_word' id='word_1_8' title='bbox 1009 763 1156 830; x_wconf 83' lang='lat' dir='ltr'><strong>Aristide</strong></span> <span class='ocrx_word' id='word_1_9' title='bbox 1184 781 1303 844; x_wconf 89' lang='lat' dir='ltr'>parum</span> 
     </span>
     <span class='ocr_line' id='line_1_3' title="bbox 135 872 590 953; baseline -0.007 -15"><span class='ocrx_word' id='word_1_10' title='bbox 135 877 291 938; x_wconf 88' lang='lat' dir='ltr'>accurate</span> <span class='ocrx_word' id='word_1_11' title='bbox 314 892 389 937; x_wconf 90' lang='lat' dir='ltr'>esse</span> <span class='ocrx_word' id='word_1_12' title='bbox 413 872 590 953; x_wconf 86' lang='lat' dir='ltr'>exscripta.</span> 
     </span>
    </p>

    <p class='ocr_par' dir='ltr' id='par_1_3' title="bbox 129 961 1302 1782">
     <span class='ocr_line' id='line_1_4' title="bbox 222 961 1301 1058; baseline -0.01 -17"><span class='ocrx_word' id='word_1_13' title='bbox 222 976 339 1041; x_wconf 83' lang='lat' dir='ltr'>Verbis</span> <span class='ocrx_word' id='word_1_14' title='bbox 377 975 631 1058; x_wconf 84' lang='lat' dir='ltr'>insequentibus</span> <span class='ocrx_word' id='word_1_15' title='bbox 667 971 706 1038; x_wconf 84' lang='grc' dir='ltr'>τοὶ</span> <span class='ocrx_word' id='word_1_16' title='bbox 743 974 778 1038; x_wconf 87' lang='grc' dir='ltr'>δέ</span> <span class='ocrx_word' id='word_1_17' title='bbox 813 970 897 1037; x_wconf 82' lang='grc' dir='ltr'>κατὰ</span> <span class='ocrx_word' id='word_1_18' title='bbox 933 971 1040 1058; x_wconf 79' lang='grc' dir='ltr'>σχέσιν</span> <span class='ocrx_word' id='word_1_19' title='bbox 1075 969 1117 1048; x_wconf 78' lang='grc' dir='ltr'>ὡς</span> <span class='ocrx_word' id='word_1_20' title='bbox 1153 967 1190 1034; x_wconf 82' lang='grc' dir='ltr'>τὰ</span> <span class='ocrx_word' id='word_1_21' title='bbox 1225 961 1301 1031; x_wconf 81' lang='grc' dir='ltr'>ἀντι-</span> 
     </span>
     <span class='ocr_line' id='line_1_5' title="bbox 133 1075 1301 1164; baseline -0.005 -21"><span class='ocrx_word' id='word_1_22' title='bbox 133 1079 306 1164; x_wconf 82' lang='grc' dir='ltr'>στρέφοντα</span> <span class='ocrx_word' id='word_1_23' title='bbox 329 1098 398 1143; x_wconf 92' lang='lat' dir='ltr'>non</span> <span class='ocrx_word' id='word_1_24' title='bbox 422 1083 458 1143; x_wconf 93' lang='lat' dir='ltr'>ut</span> <span class='ocrx_word' id='word_1_25' title='bbox 480 1082 580 1143; x_wconf 84' lang='lat' dir='ltr'>antea</span> <span class='ocrx_word' id='word_1_26' title='bbox 603 1083 694 1143; x_wconf 89' lang='lat' dir='ltr'>certo</span> <span class='ocrx_word' id='word_1_27' title='bbox 717 1078 849 1160; x_wconf 80' lang='lat' dir='ltr'>generis</span> <span class='ocrx_word' id='word_1_28' title='bbox 874 1077 1003 1140; x_wconf 90' lang='lat' dir='ltr'>nomini</span> <span class='ocrx_word' id='word_1_29' title='bbox 1025 1075 1193 1158; x_wconf 82' lang='lat' dir='ltr'>peculiare</span> <span class='ocrx_word' id='word_1_30' title='bbox 1211 1093 1301 1137; x_wconf 91' lang='lat' dir='ltr'>com·</span> 
     </span>
     <span class='ocr_line' id='line_1_6' title="bbox 132 1173 1302 1267; baseline -0.009 -18"><span class='ocrx_word' id='word_1_31' title='bbox 132 1184 315 1267; x_wconf 87' lang='lat' dir='ltr'>positionis</span> <span class='ocrx_word' id='word_1_32' title='bbox 339 1183 528 1264; x_wconf 82' lang='lat' dir='ltr'>exemplum</span> <span class='ocrx_word' id='word_1_33' title='bbox 551 1182 694 1259; x_wconf 84' lang='lat' dir='ltr'>additur,</span> <span class='ocrx_word' id='word_1_34' title='bbox 719 1181 747 1245; x_wconf 92' lang='lat' dir='ltr'>si</span> <span class='ocrx_word' id='word_1_35' title='bbox 771 1181 907 1263; x_wconf 90' lang='lat' dir='ltr'>quidem</span> <span class='ocrx_word' id='word_1_36' title='bbox 935 1180 1037 1242; x_wconf 87' lang='lat' dir='ltr'>verba</span> <span class='ocrx_word' id='word_1_37' title='bbox 1063 1175 1103 1241; x_wconf 84' lang='grc' dir='ltr'>τοὶ</span> <span class='ocrx_word' id='word_1_38' title='bbox 1124 1173 1207 1240; x_wconf 80' lang='grc' dir='ltr'>κατὰ</span> <span class='ocrx_word' id='word_1_39' title='bbox 1229 1174 1302 1259; x_wconf 76' lang='grc' dir='ltr'>σχέ-</span> 
     </span>
     <span class='ocr_line' id='line_1_7' title="bbox 131 1279 1301 1369; baseline -0.006 -19"><span class='ocrx_word' id='word_1_40' title='bbox 131 1309 179 1350; x_wconf 88' lang='grc' dir='ltr'>σιν</span> <span class='ocrx_word' id='word_1_41' title='bbox 212 1291 245 1351; x_wconf 92' lang='lat' dir='ltr'>et</span> <span class='ocrx_word' id='word_1_42' title='bbox 278 1283 316 1349; x_wconf 83' lang='grc' dir='ltr'>τὰ</span> <span class='ocrx_word' id='word_1_43' title='bbox 349 1279 584 1369; x_wconf 77' lang='grc' dir='ltr'>ἀντιστρέφοντα</span> <span class='ocrx_word' id='word_1_44' title='bbox 617 1285 659 1348; x_wconf 92' lang='lat' dir='ltr'>de</span> <span class='ocrx_word' id='word_1_45' title='bbox 687 1284 795 1349; x_wconf 92' lang='lat' dir='ltr'>isdem</span> <span class='ocrx_word' id='word_1_46' title='bbox 824 1283 937 1348; x_wconf 86' lang='lat' dir='ltr'>valent</span> <span class='ocrx_word' id='word_1_47' title='bbox 965 1282 1140 1365; x_wconf 88' lang='lat' dir='ltr'>poematis.</span> <span class='ocrx_word' id='word_1_48' title='bbox 1191 1281 1301 1345; x_wconf 90' lang='lat' dir='ltr'>Verba</span> 
     </span>
     <span class='ocr_line' id='line_1_8' title="bbox 134 1383 1301 1470; baseline -0.007 -16"><span class='ocrx_word' id='word_1_49' title='bbox 134 1390 259 1454; x_wconf 89' lang='lat' dir='ltr'>tradita</span> <span class='ocrx_word' id='word_1_50' title='bbox 282 1391 327 1454; x_wconf 92' lang='lat' dir='ltr'>ita</span> <span class='ocrx_word' id='word_1_51' title='bbox 349 1394 480 1454; x_wconf 85' lang='lat' dir='ltr'>tantum</span> <span class='ocrx_word' id='word_1_52' title='bbox 499 1388 712 1470; x_wconf 85' lang='lat' dir='ltr'>interpretari</span> <span class='ocrx_word' id='word_1_53' title='bbox 727 1408 828 1470; x_wconf 91' lang='lat' dir='ltr'>posse</span> <span class='ocrx_word' id='word_1_54' title='bbox 843 1386 1004 1462; x_wconf 80' lang='lat' dir='ltr'>videmur,</span> <span class='ocrx_word' id='word_1_55' title='bbox 1026 1390 1063 1450; x_wconf 91' lang='lat' dir='ltr'>ut</span> <span class='ocrx_word' id='word_1_56' title='bbox 1086 1388 1196 1449; x_wconf 88' lang='lat' dir='ltr'>certae</span> <span class='ocrx_word' id='word_1_57' title='bbox 1219 1383 1301 1448; x_wconf 85' lang='lat' dir='ltr'>artis</span> 
     </span>
     <span class='ocr_line' id='line_1_9' title="bbox 131 1487 1300 1575; baseline -0.005 -19"><span class='ocrx_word' id='word_1_58' title='bbox 131 1493 208 1557; x_wconf 83' lang='lat' dir='ltr'>roci</span> <span class='ocrx_word' id='word_1_59' title='bbox 231 1493 425 1557; x_wconf 90' lang='lat' dir='ltr'>adiunctum</span> <span class='ocrx_word' id='word_1_60' title='bbox 449 1511 523 1556; x_wconf 91' lang='lat' dir='ltr'>esse</span> <span class='ocrx_word' id='word_1_61' title='bbox 545 1496 700 1575; x_wconf 88' lang='lat' dir='ltr'>putemus</span> <span class='ocrx_word' id='word_1_62' title='bbox 723 1492 805 1556; x_wconf 92' lang='lat' dir='ltr'>illud</span> <span class='ocrx_word' id='word_1_63' title='bbox 827 1490 1037 1567; x_wconf 84' lang='lat' dir='ltr'>vocabulum,</span> <span class='ocrx_word' id='word_1_64' title='bbox 1066 1509 1132 1572; x_wconf 94' lang='lat' dir='ltr'>quo</span> <span class='ocrx_word' id='word_1_65' title='bbox 1157 1487 1300 1570; x_wconf 90' lang='lat' dir='ltr'>imperiti</span> 
     </span>
     <span class='ocr_line' id='line_1_10' title="bbox 133 1591 1300 1680; baseline -0.006 -20"><span class='ocrx_word' id='word_1_66' title='bbox 133 1615 243 1680; x_wconf 88' lang='lat' dir='ltr'>neque</span> <span class='ocrx_word' id='word_1_67' title='bbox 266 1600 373 1661; x_wconf 86' lang='lat' dir='ltr'>artem</span> <span class='ocrx_word' id='word_1_68' title='bbox 394 1597 568 1661; x_wconf 81' lang='lat' dir='ltr'>metricam</span> <span class='ocrx_word' id='word_1_69' title='bbox 590 1595 735 1678; x_wconf 86' lang='lat' dir='ltr'>professi</span> <span class='ocrx_word' id='word_1_70' title='bbox 759 1596 901 1660; x_wconf 90' lang='lat' dir='ltr'>eandem</span> <span class='ocrx_word' id='word_1_71' title='bbox 923 1614 995 1658; x_wconf 89' lang='lat' dir='ltr'>rem</span> <span class='ocrx_word' id='word_1_72' title='bbox 1017 1592 1185 1674; x_wconf 90' lang='lat' dir='ltr'>appellare</span> <span class='ocrx_word' id='word_1_73' title='bbox 1214 1591 1300 1655; x_wconf 91' lang='lat' dir='ltr'>sole-</span> 
     </span>
     <span class='ocr_line' id='line_1_11' title="bbox 129 1699 256 1782; baseline 0 -18"><span class='ocrx_word' id='word_1_74' title='bbox 129 1701 224 1765; x_wconf 85' lang='lat' dir='ltr'>bant.</span> <span class='ocrx_word' id='word_1_75' title='bbox 232 1699 256 1782; x_wconf 84' lang='lat'>¹)</span> 
     </span>
    </p>

    <p class='ocr_par' dir='ltr' id='par_1_4' title="bbox 217 1800 1213 1883">
     <span class='ocr_line' id='line_1_12' title="bbox 217 1800 1213 1883; baseline -0.008 -15"><span class='ocrx_word' id='word_1_76' title='bbox 217 1803 324 1868; x_wconf 90' lang='lat' dir='ltr'>Nimis</span> <span class='ocrx_word' id='word_1_77' title='bbox 347 1804 389 1868; x_wconf 88' lang='lat' dir='ltr'>ab</span> <span class='ocrx_word' id='word_1_78' title='bbox 411 1803 558 1867; x_wconf 84' lang='lat' dir='ltr'>Aristide</span> <span class='ocrx_word' id='word_1_79' title='bbox 582 1802 735 1868; x_wconf 85' lang='lat' dir='ltr'>mutilata</span> <span class='ocrx_word' id='word_1_80' title='bbox 757 1805 808 1866; x_wconf 89' lang='lat' dir='ltr'>est</span> <span class='ocrx_word' id='word_1_81' title='bbox 830 1801 948 1866; x_wconf 90' lang='lat' dir='ltr'>ultima</span> <span class='ocrx_word' id='word_1_82' title='bbox 970 1800 1213 1883; x_wconf 81' lang='lat' dir='ltr'>paragraphus:</span> 
     </span>
    </p>

    <p class='ocr_par' dir='ltr' id='par_1_5' title="bbox 127 1894 1298 2096">
     <span class='ocr_line' id='line_1_13' title="bbox 218 1894 1298 1990; baseline -0.009 -19"><span class='ocrx_word' id='word_1_83' title='bbox 218 1908 287 1990; x_wconf 70' lang='lat' dir='ltr'>§A</span> <span class='ocrx_word' id='word_1_84' title='bbox 332 1905 397 1970; x_wconf 80' lang='grc' dir='ltr'>Καὶ</span> <span class='ocrx_word' id='word_1_85' title='bbox 418 1904 509 1970; x_wconf 84' lang='grc' dir='ltr'>πάλιν</span> <span class='ocrx_word' id='word_1_86' title='bbox 531 1903 647 1969; x_wconf 83' lang='grc' dir='ltr'>τούτων</span> <span class='ocrx_word' id='word_1_87' title='bbox 670 1903 691 1968; x_wconf 82' lang='grc' dir='ltr'>οἳ</span> <span class='ocrx_word' id='word_1_88' title='bbox 715 1905 769 1990; x_wconf 82' lang='grc' dir='ltr'>μὲν</span> <span class='ocrx_word' id='word_1_89' title='bbox 791 1905 911 1990; x_wconf 84' lang='grc' dir='ltr'>διμερῆ,</span> <span class='ocrx_word' id='word_1_90' title='bbox 935 1901 956 1966; x_wconf 86' lang='grc' dir='ltr'>οἳ</span> <span class='ocrx_word' id='word_1_91' title='bbox 979 1903 1014 1965; x_wconf 87' lang='grc' dir='ltr'>δέ</span> <span class='ocrx_word' id='word_1_92' title='bbox 1035 1901 1174 1987; x_wconf 83' lang='grc' dir='ltr'>τριμερῆ,</span> <span class='ocrx_word' id='word_1_93' title='bbox 1197 1895 1238 1975; x_wconf 77' lang='grc' dir='ltr'>ὡς</span> <span class='ocrx_word' id='word_1_94' title='bbox 1260 1894 1298 1961; x_wconf 86' lang='grc' dir='ltr'>τοὶ</span> 
     </span>
     <span class='ocr_line' id='line_1_14' title="bbox 127 2007 714 2096; baseline -0.002 -24"><span class='ocrx_word' id='word_1_95' title='bbox 127 2011 185 2072; x_wconf 81' lang='grc' dir='ltr'>καὶ</span> <span class='ocrx_word' id='word_1_96' title='bbox 207 2007 264 2093; x_wconf 66' lang='grc' dir='ltr'>τὴν</span> <span class='ocrx_word' id='word_1_97' title='bbox 285 2009 405 2094; x_wconf 81' lang='grc' dir='ltr'>ἐπῳδὸν</span> <span class='ocrx_word' id='word_1_98' title='bbox 427 2007 714 2096; x_wconf 78' lang='grc' dir='ltr'>προσλαμβάνοντα.</span> 
     </span>
    </p>

    <p class='ocr_par' dir='ltr' id='par_1_6' title="bbox 125 2103 1300 2613">
     <span class='ocr_line' id='line_1_15' title="bbox 219 2103 1300 2198; baseline -0.007 -21"><span class='ocrx_word' id='word_1_99' title='bbox 219 2111 284 2177; x_wconf 86' lang='grc' dir='ltr'>Καί</span> <span class='ocrx_word' id='word_1_100' title='bbox 304 2110 344 2177; x_wconf 82' lang='grc' dir='ltr'>τὰ</span> <span class='ocrx_word' id='word_1_101' title='bbox 367 2115 421 2198; x_wconf 85' lang='grc' dir='ltr'>μέν</span> <span class='ocrx_word' id='word_1_102' title='bbox 443 2111 556 2198; x_wconf 81' lang='grc' dir='ltr'>ὁμοίως</span> <span class='ocrx_word' id='word_1_103' title='bbox 582 2112 621 2197; x_wconf 74' lang='grc' dir='ltr'>τῇ</span> <span class='ocrx_word' id='word_1_104' title='bbox 650 2109 743 2194; x_wconf 81' lang='grc' dir='ltr'>τάξει,</span> <span class='ocrx_word' id='word_1_105' title='bbox 775 2109 815 2174; x_wconf 82' lang='grc' dir='ltr'>τὰ</span> <span class='ocrx_word' id='word_1_106' title='bbox 848 2111 883 2174; x_wconf 82' lang='grc' dir='ltr'>δέ</span> <span class='ocrx_word' id='word_1_107' title='bbox 911 2109 1054 2185; x_wconf 75' lang='grc' dir='ltr'>ἐναντίως</span> <span class='ocrx_word' id='word_1_108' title='bbox 1080 2109 1160 2193; x_wconf 82' lang='grc' dir='ltr'>ἔχει·</span> <span class='ocrx_word' id='word_1_109' title='bbox 1188 2103 1300 2190; x_wconf 81' lang='grc' dir='ltr'>ὁμοίως</span> 
     </span>
     <span class='ocr_line' id='line_1_16' title="bbox 131 2203 1299 2301; baseline -0.008 -20"><span class='ocrx_word' id='word_1_110' title='bbox 131 2218 189 2301; x_wconf 85' lang='grc' dir='ltr'>μέν</span> <span class='ocrx_word' id='word_1_111' title='bbox 218 2213 259 2292; x_wconf 73' lang='grc' dir='ltr'>ὥς</span> <span class='ocrx_word' id='word_1_112' title='bbox 285 2209 359 2281; x_wconf 80' lang='grc' dir='ltr'>ὅταν</span> <span class='ocrx_word' id='word_1_113' title='bbox 381 2214 416 2280; x_wconf 84' lang='grc' dir='ltr'>τὸ</span> <span class='ocrx_word' id='word_1_114' title='bbox 438 2219 561 2299; x_wconf 80' lang='grc' dir='ltr'>πρῶτον</span> <span class='ocrx_word' id='word_1_115' title='bbox 582 2216 637 2299; x_wconf 80' lang='grc' dir='ltr'>τῆς</span> <span class='ocrx_word' id='word_1_116' title='bbox 667 2209 866 2298; x_wconf 79' lang='grc' dir='ltr'>ἀντιστρόφου</span> <span class='ocrx_word' id='word_1_117' title='bbox 900 2219 943 2298; x_wconf 81' lang='grc' dir='ltr'>τῷ</span> <span class='ocrx_word' id='word_1_118' title='bbox 975 2219 1032 2297; x_wconf 82' lang='grc' dir='ltr'>τῆς</span> <span class='ocrx_word' id='word_1_119' title='bbox 1059 2212 1195 2297; x_wconf 82' lang='grc' dir='ltr'>στροφῆς</span> <span class='ocrx_word' id='word_1_120' title='bbox 1223 2203 1299 2272; x_wconf 83' lang='grc' dir='ltr'>ἀπο-</span> 
     </span>
     <span class='ocr_line' id='line_1_17' title="bbox 131 2306 1298 2405; baseline -0.008 -21"><span class='ocrx_word' id='word_1_121' title='bbox 131 2319 219 2405; x_wconf 63' lang='grc' dir='ltr'>δοθῇ</span> <span class='ocrx_word' id='word_1_122' title='bbox 247 2317 370 2403; x_wconf 75' lang='grc' dir='ltr'>πρώτῳ,</span> <span class='ocrx_word' id='word_1_123' title='bbox 398 2317 432 2382; x_wconf 84' lang='grc' dir='ltr'>τὸ</span> <span class='ocrx_word' id='word_1_124' title='bbox 466 2320 501 2383; x_wconf 82' lang='grc' dir='ltr'>δέ</span> <span class='ocrx_word' id='word_1_125' title='bbox 534 2317 677 2402; x_wconf 78' lang='grc' dir='ltr'>δεύτερον</span> <span class='ocrx_word' id='word_1_126' title='bbox 709 2321 751 2404; x_wconf 81' lang='grc' dir='ltr'>τῷ</span> <span class='ocrx_word' id='word_1_127' title='bbox 781 2317 915 2402; x_wconf 75' lang='grc' dir='ltr'>δευτέρῳ</span> <span class='ocrx_word' id='word_1_128' title='bbox 943 2319 1005 2403; x_wconf 28' lang='grc' dir='ltr'>καὶ,</span> <span class='ocrx_word' id='word_1_129' title='bbox 1019 2315 1058 2379; x_wconf 86' lang='grc' dir='ltr'>τοὶ</span> <span class='ocrx_word' id='word_1_130' title='bbox 1080 2315 1151 2399; x_wconf 76' lang='grc' dir='ltr'><strong>ἑξῆς</strong></span> <span class='ocrx_word' id='word_1_131' title='bbox 1173 2306 1298 2399; x_wconf 82' lang='grc' dir='ltr'>ὁμοίως·</span> 
     </span>
     <span class='ocr_line' id='line_1_18' title="bbox 127 2415 1300 2507; baseline -0.007 -20"><span class='ocrx_word' id='word_1_132' title='bbox 127 2422 272 2500; x_wconf 82' lang='grc' dir='ltr'>ἐναντίως</span> <span class='ocrx_word' id='word_1_133' title='bbox 300 2423 335 2486; x_wconf 88' lang='grc' dir='ltr'>δέ</span> <span class='ocrx_word' id='word_1_134' title='bbox 369 2415 409 2500; x_wconf 79' lang='grc' dir='ltr'>ὡς</span> <span class='ocrx_word' id='word_1_135' title='bbox 442 2421 515 2487; x_wconf 85' lang='grc' dir='ltr'>ὅταν</span> <span class='ocrx_word' id='word_1_136' title='bbox 544 2420 579 2486; x_wconf 84' lang='grc' dir='ltr'>τὸ</span> <span class='ocrx_word' id='word_1_137' title='bbox 607 2423 728 2507; x_wconf 81' lang='grc' dir='ltr'>πρῶτον</span> <span class='ocrx_word' id='word_1_138' title='bbox 756 2422 799 2506; x_wconf 82' lang='grc' dir='ltr'>τῷ</span> <span class='ocrx_word' id='word_1_139' title='bbox 830 2420 1015 2503; x_wconf 89' lang='grc' dir='ltr'>τελευταίῳ,</span> <span class='ocrx_word' id='word_1_140' title='bbox 1042 2416 1077 2483; x_wconf 82' lang='grc' dir='ltr'>τὸ</span> <span class='ocrx_word' id='word_1_141' title='bbox 1100 2419 1136 2482; x_wconf 83' lang='grc' dir='ltr'>δέ</span> <span class='ocrx_word' id='word_1_142' title='bbox 1158 2415 1300 2500; x_wconf 83' lang='grc' dir='ltr'>δεύτερον</span> 
     </span>
     <span class='ocr_line' id='line_1_19' title="bbox 125 2517 1087 2613; baseline -0.004 -23"><span class='ocrx_word' id='word_1_143' title='bbox 125 2527 172 2613; x_wconf 82' lang='grc' dir='ltr'>τῷ</span> <span class='ocrx_word' id='word_1_144' title='bbox 195 2524 415 2612; x_wconf 83' lang='grc' dir='ltr'>παρατελεύτῳ</span> <span class='ocrx_word' id='word_1_145' title='bbox 438 2528 493 2589; x_wconf 78' lang='grc' dir='ltr'>καί</span> <span class='ocrx_word' id='word_1_146' title='bbox 513 2525 552 2590; x_wconf 89' lang='grc' dir='ltr'>τοὶ</span> <span class='ocrx_word' id='word_1_147' title='bbox 574 2525 668 2589; x_wconf 85' lang='grc' dir='ltr'>λοιποὶ</span> <span class='ocrx_word' id='word_1_148' title='bbox 690 2523 774 2590; x_wconf 83' lang='grc' dir='ltr'>κατὰ</span> <span class='ocrx_word' id='word_1_149' title='bbox 795 2522 848 2589; x_wconf 82' lang='grc' dir='ltr'>τὸν</span> <span class='ocrx_word' id='word_1_150' title='bbox 871 2517 963 2588; x_wconf 74' lang='grc' dir='ltr'>αὑτὸν</span> <span class='ocrx_word' id='word_1_151' title='bbox 984 2521 1087 2606; x_wconf 84' lang='grc' dir='ltr'>λόγον.</span> 
     </span>
    </p>

    <p class='ocr_par' dir='ltr' id='par_1_7' title="bbox 122 2626 1300 4367">
     <span class='ocr_line' id='line_1_20' title="bbox 216 2626 1300 2717; baseline -0.007 -22"><span class='ocrx_word' id='word_1_152' title='bbox 216 2629 354 2717; x_wconf 82' lang='grc' dir='ltr'>Τριμερῆ</span> <span class='ocrx_word' id='word_1_153' title='bbox 378 2632 649 2715; x_wconf 85' lang='lat' dir='ltr'>explanationem</span> <span class='ocrx_word' id='word_1_154' title='bbox 672 2651 742 2695; x_wconf 92' lang='lat' dir='ltr'>non</span> <span class='ocrx_word' id='word_1_155' title='bbox 765 2631 953 2714; x_wconf 87' lang='lat' dir='ltr'>requirunt;</span> <span class='ocrx_word' id='word_1_156' title='bbox 977 2629 1093 2692; x_wconf 88' lang='lat' dir='ltr'>eadem</span> <span class='ocrx_word' id='word_1_157' title='bbox 1115 2626 1204 2691; x_wconf 93' lang='lat' dir='ltr'>enim</span> <span class='ocrx_word' id='word_1_158' title='bbox 1222 2631 1300 2688; x_wconf 91' lang='lat' dir='ltr'>sunt</span> 
     </span>
     <span class='ocr_line' id='line_1_21' title="bbox 127 2728 1299 2820; baseline -0.007 -21"><span class='ocrx_word' id='word_1_159' title='bbox 127 2756 216 2819; x_wconf 88' lang='lat' dir='ltr'>quae</span> <span class='ocrx_word' id='word_1_160' title='bbox 239 2735 327 2817; x_wconf 92' lang='lat' dir='ltr'>apud</span> <span class='ocrx_word' id='word_1_161' title='bbox 348 2736 638 2818; x_wconf 89' lang='lat' dir='ltr'>Hephaestionem</span> <span class='ocrx_word' id='word_1_162' title='bbox 661 2735 801 2817; x_wconf 90' lang='lat' dir='ltr'>epodica</span> <span class='ocrx_word' id='word_1_163' title='bbox 828 2733 966 2816; x_wconf 90' lang='lat' dir='ltr'>proprie</span> <span class='ocrx_word' id='word_1_164' title='bbox 995 2733 1159 2797; x_wconf 90' lang='lat' dir='ltr'>dicuutur.</span> <span class='ocrx_word' id='word_1_165' title='bbox 1208 2728 1299 2820; x_wconf 87' lang='lat' dir='ltr'>Quo-</span> 
     </span>
     <span class='ocr_line' id='line_1_22' title="bbox 127 2832 1298 2923; baseline -0.009 -20"><span class='ocrx_word' id='word_1_166' title='bbox 127 2860 204 2903; x_wconf 89' lang='lat' dir='ltr'>rum</span> <span class='ocrx_word' id='word_1_167' title='bbox 242 2839 284 2903; x_wconf 84' lang='lat' dir='ltr'>ad</span> <span class='ocrx_word' id='word_1_168' title='bbox 322 2838 575 2903; x_wconf 89' lang='lat' dir='ltr'>similitudinem</span> <span class='ocrx_word' id='word_1_169' title='bbox 614 2839 641 2902; x_wconf 94' lang='lat' dir='ltr'>si</span> <span class='ocrx_word' id='word_1_170' title='bbox 679 2838 787 2923; x_wconf 83' lang='grc' dir='ltr'>διμερῆ</span> <span class='ocrx_word' id='word_1_171' title='bbox 821 2837 993 2919; x_wconf 83' lang='lat' dir='ltr'>tingimus,</span> <span class='ocrx_word' id='word_1_172' title='bbox 1027 2832 1298 2917; x_wconf 91' lang='lat' dir='ltr'>quandoquidem</span> 
     </span>
     <span class='ocr_line' id='line_1_23' title="bbox 126 2934 1298 3023; baseline -0.009 -16"><span class='ocrx_word' id='word_1_173' title='bbox 126 2942 222 3007; x_wconf 88' lang='lat' dir='ltr'>nulla</span> <span class='ocrx_word' id='word_1_174' title='bbox 245 2962 280 3005; x_wconf 91' lang='lat' dir='ltr'>re</span> <span class='ocrx_word' id='word_1_175' title='bbox 303 2941 437 3006; x_wconf 84' lang='lat' dir='ltr'>differre</span> <span class='ocrx_word' id='word_1_176' title='bbox 460 2941 540 3005; x_wconf 90' lang='lat' dir='ltr'>dicit</span> <span class='ocrx_word' id='word_1_177' title='bbox 563 2941 703 3023; x_wconf 90' lang='lat' dir='ltr'>epodica</span> <span class='ocrx_word' id='word_1_178' title='bbox 726 2940 791 3004; x_wconf 93' lang='lat' dir='ltr'>nisi</span> <span class='ocrx_word' id='word_1_179' title='bbox 814 2939 929 3003; x_wconf 90' lang='lat' dir='ltr'>addita</span> <span class='ocrx_word' id='word_1_180' title='bbox 951 2938 1070 3021; x_wconf 85' lang='lat' dir='ltr'>ep0d0‚</span> <span class='ocrx_word' id='word_1_181' title='bbox 1097 2937 1162 3000; x_wconf 94' lang='lat' dir='ltr'>hoc</span> <span class='ocrx_word' id='word_1_182' title='bbox 1185 2934 1298 2999; x_wconf 85' lang='lat' dir='ltr'>existit</span> 
     </span>
     <span class='ocr_line' id='line_1_24' title="bbox 128 3036 1300 3123; baseline -0.008 -14"><span class='ocrx_word' id='word_1_183' title='bbox 128 3046 269 3110; x_wconf 87' lang='lat' dir='ltr'>schema</span> <span class='ocrx_word' id='word_1_184' title='bbox 290 3043 522 3120; x_wconf 72' lang='lat' dir='ltr'>AAiAAlAA.</span> <span class='ocrx_word' id='word_1_185' title='bbox 538 3094 565 3106; x_wconf 95' lang='lat'>..</span> <span class='ocrx_word' id='word_1_186' title='bbox 588 3046 620 3109; x_wconf 90' lang='lat' dir='ltr'>h.</span> <span class='ocrx_word' id='word_1_187' title='bbox 638 3064 665 3109; x_wconf 92' lang='lat' dir='ltr'>e.</span> <span class='ocrx_word' id='word_1_188' title='bbox 690 3064 823 3108; x_wconf 89' lang='lat' dir='ltr'>carmen</span> <span class='ocrx_word' id='word_1_189' title='bbox 846 3041 1136 3123; x_wconf 89' lang='lat' dir='ltr'>monostrophum.</span> <span class='ocrx_word' id='word_1_190' title='bbox 1173 3036 1300 3123; x_wconf 84' lang='grc' dir='ltr'>Διμερές</span> 
     </span>
     <span class='ocr_line' id='line_1_25' title="bbox 126 3143 1298 3231; baseline -0.008 -19"><span class='ocrx_word' id='word_1_191' title='bbox 126 3150 196 3213; x_wconf 92' lang='lat' dir='ltr'>tale</span> <span class='ocrx_word' id='word_1_192' title='bbox 221 3167 357 3212; x_wconf 89' lang='lat' dir='ltr'>carmen</span> <span class='ocrx_word' id='word_1_193' title='bbox 380 3147 455 3211; x_wconf 91' lang='lat' dir='ltr'>ideo</span> <span class='ocrx_word' id='word_1_194' title='bbox 478 3147 591 3212; x_wconf 89' lang='lat' dir='ltr'>vocari</span> <span class='ocrx_word' id='word_1_195' title='bbox 612 3149 731 3230; x_wconf 91' lang='lat' dir='ltr'>potuit,</span> <span class='ocrx_word' id='word_1_196' title='bbox 754 3148 831 3231; x_wconf 90' lang='lat' dir='ltr'>quia</span> <span class='ocrx_word' id='word_1_197' title='bbox 859 3148 988 3211; x_wconf 88' lang='lat' dir='ltr'>duabus</span> <span class='ocrx_word' id='word_1_198' title='bbox 1017 3143 1193 3207; x_wconf 91' lang='lat' dir='ltr'>minimum</span> <span class='ocrx_word' id='word_1_199' title='bbox 1216 3145 1298 3204; x_wconf 91' lang='lat' dir='ltr'>stro·</span> 
     </span>
     <span class='ocr_line' id='line_1_26' title="bbox 125 3244 1298 3334; baseline -0.007 -19"><span class='ocrx_word' id='word_1_200' title='bbox 125 3251 206 3334; x_wconf 93' lang='lat' dir='ltr'>phis</span> <span class='ocrx_word' id='word_1_201' title='bbox 241 3255 277 3315; x_wconf 93' lang='lat' dir='ltr'>ut</span> <span class='ocrx_word' id='word_1_202' title='bbox 311 3252 489 3333; x_wconf 89' lang='lat' dir='ltr'>responsio</span> <span class='ocrx_word' id='word_1_203' title='bbox 522 3252 615 3316; x_wconf 88' lang='lat' dir='ltr'>lieret</span> <span class='ocrx_word' id='word_1_204' title='bbox 650 3272 734 3334; x_wconf 92' lang='lat' dir='ltr'>opus</span> <span class='ocrx_word' id='word_1_205' title='bbox 769 3255 849 3315; x_wconf 91' lang='lat' dir='ltr'>erat.</span> <span class='ocrx_word' id='word_1_206' title='bbox 905 3250 1014 3331; x_wconf 87' lang='lat' dir='ltr'>Atque</span> <span class='ocrx_word' id='word_1_207' title='bbox 1043 3268 1079 3311; x_wconf 88' lang='lat' dir='ltr'>re</span> <span class='ocrx_word' id='word_1_208' title='bbox 1105 3266 1199 3322; x_wconf 84' lang='lat' dir='ltr'>vera,</span> <span class='ocrx_word' id='word_1_209' title='bbox 1234 3244 1298 3308; x_wconf 91' lang='lat' dir='ltr'>etsi</span> 
     </span>
     <span class='ocr_line' id='line_1_27' title="bbox 126 3348 1297 3438; baseline -0.008 -19"><span class='ocrx_word' id='word_1_210' title='bbox 126 3374 239 3437; x_wconf 91' lang='lat' dir='ltr'>neque</span> <span class='ocrx_word' id='word_1_211' title='bbox 263 3356 296 3418; x_wconf 92' lang='lat' dir='ltr'>in</span> <span class='ocrx_word' id='word_1_212' title='bbox 319 3354 448 3436; x_wconf 83' lang='lat' dir='ltr'>graecis</span> <span class='ocrx_word' id='word_1_213' title='bbox 472 3374 580 3438; x_wconf 90' lang='lat' dir='ltr'>neque</span> <span class='ocrx_word' id='word_1_214' title='bbox 603 3356 638 3418; x_wconf 95' lang='lat' dir='ltr'>in</span> <span class='ocrx_word' id='word_1_215' title='bbox 666 3355 780 3419; x_wconf 90' lang='lat' dir='ltr'>latinis</span> <span class='ocrx_word' id='word_1_216' title='bbox 810 3352 1014 3418; x_wconf 83' lang='lat' dir='ltr'>carminibus</span> <span class='ocrx_word' id='word_1_217' title='bbox 1044 3348 1297 3429; x_wconf 87' lang='lat' dir='ltr'>monostrophis</span> 
     </span>
     <span class='ocr_line' id='line_1_28' title="bbox 125 3452 1298 3541; baseline -0.007 -19"><span class='ocrx_word' id='word_1_218' title='bbox 125 3458 260 3523; x_wconf 87' lang='lat' dir='ltr'>numeri</span> <span class='ocrx_word' id='word_1_219' title='bbox 283 3459 439 3541; x_wconf 88' lang='lat' dir='ltr'>aequales</span> <span class='ocrx_word' id='word_1_220' title='bbox 463 3460 695 3535; x_wconf 79' lang='lat' dir='ltr'>observantur,</span> <span class='ocrx_word' id='word_1_221' title='bbox 715 3458 951 3540; x_wconf 85' lang='lat' dir='ltr'>grammaticos</span> <span class='ocrx_word' id='word_1_222' title='bbox 968 3456 1132 3539; x_wconf 91' lang='lat' dir='ltr'>quosdam</span> <span class='ocrx_word' id='word_1_223' title='bbox 1148 3452 1298 3517; x_wconf 90' lang='lat' dir='ltr'>carmina</span> 
     </span>
     <span class='ocr_line' id='line_1_29' title="bbox 122 3556 1296 3646; baseline -0.008 -19"><span class='ocrx_word' id='word_1_224' title='bbox 122 3562 373 3643; x_wconf 90' lang='lat' dir='ltr'>monostropha</span> <span class='ocrx_word' id='word_1_225' title='bbox 395 3563 555 3627; x_wconf 83' lang='lat' dir='ltr'>habuisse</span> <span class='ocrx_word' id='word_1_226' title='bbox 577 3584 638 3646; x_wconf 91' lang='lat' dir='ltr'>pro</span> <span class='ocrx_word' id='word_1_227' title='bbox 663 3562 823 3645; x_wconf 83' lang='lat' dir='ltr'>epodicis,</span> <span class='ocrx_word' id='word_1_228' title='bbox 846 3562 882 3625; x_wconf 88' lang='lat' dir='ltr'>in</span> <span class='ocrx_word' id='word_1_229' title='bbox 898 3561 1018 3644; x_wconf 90' lang='lat' dir='ltr'>quibus</span> <span class='ocrx_word' id='word_1_230' title='bbox 1035 3559 1134 3641; x_wconf 92' lang='lat' dir='ltr'>epodi</span> <span class='ocrx_word' id='word_1_231' title='bbox 1150 3556 1296 3620; x_wconf 89' lang='lat' dir='ltr'>omissae</span> 
     </span>
     <span class='ocr_line' id='line_1_30' title="bbox 124 3659 1296 3748; baseline -0.007 -18"><span class='ocrx_word' id='word_1_232' title='bbox 124 3669 216 3743; x_wconf 87' lang='lat' dir='ltr'>sunt,</span> <span class='ocrx_word' id='word_1_233' title='bbox 241 3666 412 3729; x_wconf 88' lang='lat' dir='ltr'>nonnullis</span> <span class='ocrx_word' id='word_1_234' title='bbox 435 3666 639 3731; x_wconf 90' lang='lat' dir='ltr'>testimoniis</span> <span class='ocrx_word' id='word_1_235' title='bbox 664 3666 917 3748; x_wconf 88' lang='lat' dir='ltr'>comprobatur;</span> <span class='ocrx_word' id='word_1_236' title='bbox 941 3664 981 3727; x_wconf 88' lang='lat' dir='ltr'>cf.</span> <span class='ocrx_word' id='word_1_237' title='bbox 1005 3664 1101 3728; x_wconf 89' lang='lat' dir='ltr'>Caes.</span> <span class='ocrx_word' id='word_1_238' title='bbox 1125 3662 1220 3725; x_wconf 90' lang='lat' dir='ltr'>Bass.</span> <span class='ocrx_word' id='word_1_239' title='bbox 1243 3659 1296 3723; x_wconf 87' lang='lat' dir='ltr'>GL</span> 
     </span>
     <span class='ocr_line' id='line_1_31' title="bbox 126 3764 1295 3849; baseline -0.007 -16"><span class='ocrx_word' id='word_1_240' title='bbox 126 3770 167 3833; x_wconf 88' lang='lat' dir='ltr'>Vl</span> <span class='ocrx_word' id='word_1_241' title='bbox 191 3769 265 3845; x_wconf 72' lang='grc'>266,</span> <span class='ocrx_word' id='word_1_242' title='bbox 289 3769 460 3846; x_wconf 69' lang='lat' dir='ltr'>stt-ror,</span> <span class='ocrx_word' id='word_1_243' title='bbox 487 3770 518 3845; x_wconf 86' lang='lat'>1,</span> <span class='ocrx_word' id='word_1_244' title='bbox 548 3769 626 3833; x_wconf 91' lang='lat' dir='ltr'>Atil.</span> <span class='ocrx_word' id='word_1_245' title='bbox 655 3769 743 3833; x_wconf 82' lang='lat' dir='ltr'>Fort.</span> <span class='ocrx_word' id='word_1_246' title='bbox 773 3768 853 3832; x_wconf 89' lang='lat' dir='ltr'>ibid.</span> <span class='ocrx_word' id='word_1_247' title='bbox 876 3788 908 3849; x_wconf 87' lang='lat' dir='ltr'>p.</span> <span class='ocrx_word' id='word_1_248' title='bbox 931 3768 1010 3845; x_wconf 65' lang='grc'>694,</span> <span class='ocrx_word' id='word_1_249' title='bbox 1033 3764 1186 3842; x_wconf 73' lang='lat' dir='ltr'>ru-cr,</span> <span class='ocrx_word' id='word_1_250' title='bbox 1215 3764 1295 3827; x_wconf 90' lang='lat' dir='ltr'>Mar.</span> 
     </span>
     <span class='ocr_line' id='line_1_32' title="bbox 130 3868 1300 3955; baseline -0.005 -20"><span class='ocrx_word' id='word_1_251' title='bbox 130 3873 217 3936; x_wconf 89' lang='lat' dir='ltr'>Vict.</span> <span class='ocrx_word' id='word_1_252' title='bbox 239 3892 271 3953; x_wconf 90' lang='lat' dir='ltr'>p.</span> <span class='ocrx_word' id='word_1_253' title='bbox 292 3874 344 3949; x_wconf 83' lang='lat'>59,</span> <span class='ocrx_word' id='word_1_254' title='bbox 360 3871 442 3935; x_wconf 86' lang='grc'>6-7</span> <span class='ocrx_word' id='word_1_255' title='bbox 467 3877 568 3949; x_wconf 84' lang='lat' dir='ltr'>„sunt</span> <span class='ocrx_word' id='word_1_256' title='bbox 589 3873 751 3955; x_wconf 84' lang='lat' dir='ltr'>quaedam</span> <span class='ocrx_word' id='word_1_257' title='bbox 770 3872 930 3950; x_wconf 81' lang='lat' dir='ltr'>earmina,</span> <span class='ocrx_word' id='word_1_258' title='bbox 953 3890 1038 3953; x_wconf 89' lang='lat' dir='ltr'>quae</span> <span class='ocrx_word' id='word_1_259' title='bbox 1054 3868 1300 3949; x_wconf 86' lang='lat' dir='ltr'>monostropha</span> 
     </span>
     <span class='ocr_line' id='line_1_33' title="bbox 122 3974 1296 4058; baseline -0.007 -18"><span class='ocrx_word' id='word_1_260' title='bbox 122 3974 349 4058; x_wconf 88' lang='lat' dir='ltr'>appellantur,</span> <span class='ocrx_word' id='word_1_261' title='bbox 373 3974 463 4057; x_wconf 93' lang='lat' dir='ltr'>quod</span> <span class='ocrx_word' id='word_1_262' title='bbox 486 3974 588 4039; x_wconf 89' lang='lat' dir='ltr'>duas</span> <span class='ocrx_word' id='word_1_263' title='bbox 610 3975 769 4057; x_wconf 90' lang='lat' dir='ltr'>periodos</span> <span class='ocrx_word' id='word_1_264' title='bbox 799 3981 832 4040; x_wconf 91' lang='lat' dir='ltr'>et</span> <span class='ocrx_word' id='word_1_265' title='bbox 860 3995 917 4039; x_wconf 88' lang='lat' dir='ltr'>eas</span> <span class='ocrx_word' id='word_1_266' title='bbox 945 3995 1045 4057; x_wconf 89' lang='lat' dir='ltr'>pares</span> <span class='ocrx_word' id='word_1_267' title='bbox 1067 3974 1215 4039; x_wconf 91' lang='lat' dir='ltr'>habeant</span> <span class='ocrx_word' id='word_1_268' title='bbox 1238 3990 1296 4033; x_wconf 90' lang='lat' dir='ltr'>ne-</span> 
     </span>
     <span class='ocr_line' id='line_1_34' title="bbox 123 4075 1295 4162; baseline -0.004 -19"><span class='ocrx_word' id='word_1_269' title='bbox 123 4099 191 4162; x_wconf 89' lang='lat' dir='ltr'>que</span> <span class='ocrx_word' id='word_1_270' title='bbox 214 4078 323 4159; x_wconf 90' lang='lat' dir='ltr'>epodo</span> <span class='ocrx_word' id='word_1_271' title='bbox 345 4083 382 4143; x_wconf 91' lang='lat' dir='ltr'>ut</span> <span class='ocrx_word' id='word_1_272' title='bbox 404 4078 470 4142; x_wconf 90' lang='lat' dir='ltr'>alia</span> <span class='ocrx_word' id='word_1_273' title='bbox 493 4079 766 4156; x_wconf 86' lang='lat' dir='ltr'>concludantur“‚</span> <span class='ocrx_word' id='word_1_274' title='bbox 790 4080 832 4143; x_wconf 89' lang='lat' dir='ltr'>de</span> <span class='ocrx_word' id='word_1_275' title='bbox 855 4079 975 4162; x_wconf 90' lang='lat' dir='ltr'>quibus</span> <span class='ocrx_word' id='word_1_276' title='bbox 1003 4078 1086 4143; x_wconf 90' lang='lat' dir='ltr'>locis</span> <span class='ocrx_word' id='word_1_277' title='bbox 1115 4077 1203 4141; x_wconf 81' lang='lat' dir='ltr'>infra</span> <span class='ocrx_word' id='word_1_278' title='bbox 1226 4075 1295 4138; x_wconf 93' lang='lat' dir='ltr'>dic-</span> 
     </span>
     <span class='ocr_line' id='line_1_35' title="bbox 123 4179 1294 4247; baseline -0.003 0"><span class='ocrx_word' id='word_1_279' title='bbox 123 4188 221 4247; x_wconf 92' lang='lat' dir='ltr'>turus</span> <span class='ocrx_word' id='word_1_280' title='bbox 247 4200 330 4245; x_wconf 91' lang='lat' dir='ltr'>sum.</span> <span class='ocrx_word' id='word_1_281' title='bbox 376 4181 526 4246; x_wconf 84' lang='lat' dir='ltr'>Eandem</span> <span class='ocrx_word' id='word_1_282' title='bbox 550 4182 618 4247; x_wconf 84' lang='lat' dir='ltr'>fere</span> <span class='ocrx_word' id='word_1_283' title='bbox 642 4183 844 4246; x_wconf 87' lang='lat' dir='ltr'>sententiam</span> <span class='ocrx_word' id='word_1_284' title='bbox 874 4202 915 4245; x_wconf 82' lang='lat' dir='ltr'>ex</span> <span class='ocrx_word' id='word_1_285' title='bbox 944 4180 1081 4245; x_wconf 85' lang='lat' dir='ltr'>scholiis</span> <span class='ocrx_word' id='word_1_286' title='bbox 1106 4179 1294 4244; x_wconf 84' lang='lat' dir='ltr'>Pindaricis</span> 
     </span>
     <span class='ocr_line' id='line_1_36' title="bbox 122 4283 963 4367; baseline -0.004 -17"><span class='ocrx_word' id='word_1_287' title='bbox 122 4283 378 4367; x_wconf 91' lang='lat' dir='ltr'>deprompsisse</span> <span class='ocrx_word' id='word_1_288' title='bbox 400 4284 530 4348; x_wconf 88' lang='lat' dir='ltr'>videtur</span> <span class='ocrx_word' id='word_1_289' title='bbox 552 4285 592 4349; x_wconf 92' lang='lat' dir='ltr'>ls.</span> <span class='ocrx_word' id='word_1_290' title='bbox 617 4285 755 4349; x_wconf 81' lang='lat' dir='ltr'>Tretzes</span> <span class='ocrx_word' id='word_1_291' title='bbox 778 4306 809 4367; x_wconf 89' lang='lat' dir='ltr'>p.</span> <span class='ocrx_word' id='word_1_292' title='bbox 833 4285 884 4361; x_wconf 85' lang='grc'>65,</span> <span class='ocrx_word' id='word_1_293' title='bbox 911 4284 963 4348; x_wconf 84' lang='lat'>16:</span> 
     </span>
    </p>
   </div>
   <div class='ocr_carea' id='block_1_3' title="bbox 121 4456 1294 4701">
    <p class='ocr_par' dir='ltr' id='par_1_8' title="bbox 121 4456 1294 4701">
     <span class='ocr_line' id='line_1_37' title="bbox 214 4456 1294 4526; baseline 0 -17"><span class='ocrx_word' id='word_1_294' title='bbox 214 4456 235 4526; x_wconf 93' lang='lat'>¹)</span> <span class='ocrx_word' id='word_1_295' title='bbox 254 4457 283 4510; x_wconf 92' lang='lat' dir='ltr'>Si</span> <span class='ocrx_word' id='word_1_296' title='bbox 302 4456 411 4509; x_wconf 87' lang='lat' dir='ltr'>ariolari</span> <span class='ocrx_word' id='word_1_297' title='bbox 430 4456 502 4521; x_wconf 88' lang='lat' dir='ltr'>lieet,</span> <span class='ocrx_word' id='word_1_298' title='bbox 521 4460 594 4526; x_wconf 89' lang='lat' dir='ltr'>apud</span> <span class='ocrx_word' id='word_1_299' title='bbox 613 4458 739 4513; x_wconf 83' lang='lat' dir='ltr'>Aristidis</span> <span class='ocrx_word' id='word_1_300' title='bbox 759 4463 900 4513; x_wconf 89' lang='lat' dir='ltr'>auctorem</span> <span class='ocrx_word' id='word_1_301' title='bbox 921 4459 991 4512; x_wconf 88' lang='lat' dir='ltr'>haec</span> <span class='ocrx_word' id='word_1_302' title='bbox 1010 4459 1067 4511; x_wconf 83' lang='lat' dir='ltr'>fere</span> <span class='ocrx_word' id='word_1_303' title='bbox 1086 4458 1187 4525; x_wconf 86' lang='lat' dir='ltr'>scripta</span> <span class='ocrx_word' id='word_1_304' title='bbox 1210 4456 1294 4509; x_wconf 85' lang='lat' dir='ltr'>tuisse</span> 
     </span>
     <span class='ocr_line' id='line_1_38' title="bbox 123 4539 1293 4612; baseline -0.004 -12"><span class='ocrx_word' id='word_1_305' title='bbox 123 4545 303 4600; x_wconf 87' lang='lat' dir='ltr'>coniecerim:</span> <span class='ocrx_word' id='word_1_306' title='bbox 324 4539 511 4611; x_wconf 79' lang='grc' dir='ltr'>ἀπολελυμένα</span> <span class='ocrx_word' id='word_1_307' title='bbox 530 4548 576 4611; x_wconf 85' lang='grc' dir='ltr'>μέν</span> <span class='ocrx_word' id='word_1_308' title='bbox 594 4544 630 4609; x_wconf 77' lang='grc' dir='ltr'>ὡς</span> <span class='ocrx_word' id='word_1_309' title='bbox 649 4546 721 4612; x_wconf 87' lang='grc' dir='ltr'>παροὶ</span> <span class='ocrx_word' id='word_1_310' title='bbox 740 4554 794 4609; x_wconf 80' lang='grc' dir='ltr'>τοῖς</span> <span class='ocrx_word' id='word_1_311' title='bbox 812 4553 941 4612; x_wconf 81' lang='grc' dir='ltr'>κωμικοῖς</span> <span class='ocrx_word' id='word_1_312' title='bbox 959 4549 986 4597; x_wconf 73' lang='grc' dir='ltr'>ἐν</span> <span class='ocrx_word' id='word_1_313' title='bbox 1004 4552 1061 4609; x_wconf 80' lang='grc' dir='ltr'>ταῖς</span> <span class='ocrx_word' id='word_1_314' title='bbox 1078 4544 1244 4610; x_wconf 76' lang='grc' dir='ltr'>παραβάσεσι</span> <span class='ocrx_word' id='word_1_315' title='bbox 1260 4545 1293 4595; x_wconf 79' lang='grc' dir='ltr'>τοὶ</span> 
     </span>
     <span class='ocr_line' id='line_1_39' title="bbox 121 4629 1154 4701; baseline -0.001 -14"><span class='ocrx_word' id='word_1_316' title='bbox 121 4639 185 4700; x_wconf 81' lang='grc' dir='ltr'>τρία</span> <span class='ocrx_word' id='word_1_317' title='bbox 202 4636 295 4700; x_wconf 82' lang='grc' dir='ltr'>πρῶτα</span> <span class='ocrx_word' id='word_1_318' title='bbox 314 4634 428 4699; x_wconf 78' lang='grc' dir='ltr'>ᾄσματα,</span> <span class='ocrx_word' id='word_1_319' title='bbox 447 4632 519 4684; x_wconf 80' lang='grc' dir='ltr'>κατὰ</span> <span class='ocrx_word' id='word_1_320' title='bbox 538 4636 624 4700; x_wconf 87' lang='grc' dir='ltr'>σχέσιν</span> <span class='ocrx_word' id='word_1_321' title='bbox 643 4638 673 4686; x_wconf 81' lang='grc' dir='ltr'>δέ</span> <span class='ocrx_word' id='word_1_322' title='bbox 691 4632 727 4701; x_wconf 79' lang='grc' dir='ltr'>ὡς</span> <span class='ocrx_word' id='word_1_323' title='bbox 746 4635 778 4687; x_wconf 84' lang='grc' dir='ltr'>τοὶ</span> <span class='ocrx_word' id='word_1_324' title='bbox 797 4638 876 4701; x_wconf 75' lang='grc' dir='ltr'>ἕτερα</span> <span class='ocrx_word' id='word_1_325' title='bbox 893 4635 927 4688; x_wconf 81' lang='grc' dir='ltr'>τὰ</span> <span class='ocrx_word' id='word_1_326' title='bbox 945 4629 1154 4699; x_wconf 73' lang='grc' dir='ltr'>ἀντιστρέφοντα.</span> 
     </span>
    </p>
   </div>
   <div class='ocr_carea' id='block_1_4' title="bbox 0 0 1734 5200">
    <p class='ocr_par' dir='ltr' id='par_1_9' title="bbox 0 0 1734 5200">
     <span class='ocr_line' id='line_1_40' title="bbox 0 0 1734 5200; baseline 0 5"><span class='ocrx_word' id='word_1_327' title='bbox 0 0 1734 5200; x_wconf 95' lang='lat' dir='ltr'> </span> 
     </span>
    </p>
   </div>
  </div>
 </body>
</html>
