3459 5200
755 478 775 539 5

664 566 864 573 ——oe—

184 688 241 751 ubi
271 706 374 753 unum
410 686 601 768 synizeseos
635 703 740 765 genus
772 704 841 747 una
876 704 950 747 cum
984 685 1136 766 exemplo
1160 685 1343 766 deperiisse

185 789 400 870 sagacissime
435 787 547 851 docuit
580 786 661 850 Lod.
684 786 777 849 Voltz
810 785 859 850 De
889 786 984 850 Helia
1011 787 1186 865 Monacho,
1228 789 1342 852 lsaaco

182 892 358 970 Monacho‚
385 892 610 956 Ps.-Dracone
628 891 815 971 (Argentor.
838 889 931 971 1886)
949 909 980 971 p.
1002 891 1050 954 16.
1061 891 1081 973 ¹)
1132 891 1257 957 Contra
1280 893 1342 976 By·

184 996 310 1060 zanlini
332 995 544 1077 glossematis
566 994 696 1057 ratione
718 992 927 1059 conformata
950 997 1026 1059 sunt
1045 1014 1078 1077 p.
1100 994 1151 1074 30,
1172 996 1194 1059 4
1215 1017 1286 1079 sqq.
1304 996 1339 1061 G.

184 1098 249 1179 (17,
272 1100 291 1163 5
316 1119 387 1180 sqq.
410 1097 477 1180 W.)
504 1098 607 1161 verba
634 1092 714 1158 τοῦτ’
745 1096 808 1158 ἔστι
834 1091 969 1180 πρώτην,
997 1095 1110 1180 τρίτην,
1139 1096 1281 1183 πέμπτην
1311 1103 1343 1164 et

185 1198 263 1264 τοῦτ’
287 1201 351 1263 έοτι
373 1198 527 1281 δευτέραν,
549 1194 707 1282 τετάρτην,
730 1197 854 1282 έκτηνῗ)
882 1218 966 1281 quae
989 1218 1063 1263 cum
1092 1219 1160 1264 non
1188 1202 1230 1266 de
1253 1206 1343 1267 certa

186 1305 329 1386 quadam
357 1302 455 1368 metri
490 1301 622 1367 iambici
651 1300 880 1383 magnitudine
909 1301 1073 1387 (μεγέθει),
1107 1304 1167 1368 sed
1200 1305 1241 1370 de
1267 1306 1343 1369 uni-

184 1427 282 1471 verso
305 1425 426 1489 genere
448 1408 574 1487 agatur,
595 1424 714 1486 pamm
736 1407 814 1486 apta
836 1404 991 1469 videntur
1012 1425 1120 1489 neque
1141 1427 1209 1472 non
1225 1428 1340 1490 respu-

183 1515 284 1575 untur
307 1513 493 1574 ceterorum
516 1511 699 1573 metrorum
715 1507 997 1589 descriptionibus
1020 1511 1231 1592 comparatis.
1277 1512 1340 1575 Ca-

183 1618 258 1677 rent
279 1612 332 1677 his
348 1610 586 1677 additamentis
603 1610 831 1675 Choerohosci
847 1610 980 1679 codices
997 1609 1070 1689 KS;
1082 1611 1157 1677 vide
1174 1614 1339 1679 Choerob.

182 1738 214 1799 p.
232 1718 284 1794 68,
303 1718 323 1780 8
340 1736 426 1799 sqq.;
450 1717 485 1780 in
503 1714 618 1779 codice
637 1712 673 1792 U,
697 1734 796 1797 quem
819 1715 971 1796 inspecto
990 1716 1063 1797 ipso
1082 1716 1340 1798 Hephaestionis

184 1820 368 1884 enchiridio
402 1819 564 1901 scriptum
601 1838 677 1882 esse
711 1818 898 1900 suspicatus
933 1823 984 1883 est
1010 1820 1339 1885 Hoerschelmannus

182 1923 257 2004 (An.
281 1943 349 1986 var.
371 1922 384 1985 l
406 1942 436 2004 p.
460 1922 525 2003 95),
547 1921 659 2003 priore
681 1921 756 1983 loco
785 1922 938 2002 leguntur
963 1922 1065 1986 verba
1092 1922 1228 1986 τουτέστι
1258 1920 1340 2007 πριά-

182 2046 237 2108 την
258 2024 363 2108 τρίτην
386 2025 441 2085 καί
465 2022 623 2108 πέμπτην,
656 2023 842 2105 posteriore
868 2022 1004 2088 τουτέστι
1030 2024 1184 2109 δευτέραν,
1219 2027 1338 2109 quibus

181 2128 509 2192 Hoerschelmannus
533 2126 662 2190 addidit
683 2123 863 2211 <τετάρτην,
887 2127 1017 2211 ἕκτην>;
1041 2128 1101 2192 sed
1121 2149 1152 2211 p.
1174 2131 1282 2207 68,18
1305 2131 1338 2193 in

182 2232 299 2295 eodem
320 2234 397 2295 sunt
415 2229 498 2292 κατὰ
516 2230 550 2292 ot
566 2228 621 2305 τάς
638 2222 760 2311 ἀρτίους
775 2229 912 2294 τουτέστι
922 2228 1004 2294 κατά
1017 2228 1159 2315 δεύτερον
1169 2234 1224 2295 καί
1234 2231 1340 2317 τέταρ-

180 2354 240 2397 τον.
284 2334 427 2398 loannes
438 2333 596 2397 Siceliota
611 2333 645 2395 in
663 2334 746 2397 rhet.
762 2354 808 2415 gr.
824 2334 865 2397 Vl
884 2334 953 2413 164,
979 2335 1016 2398 la
1036 2355 1106 2417 sqq.
1120 2334 1239 2418 (Walz)
1272 2337 1338 2400 He·

179 2437 388 2519 phaestionis
406 2438 508 2501 verba
525 2435 573 2499 sic
585 2434 709 2500 reddit:
728 2433 762 2499 τὸ
780 2438 835 2520 μὲν
847 2436 989 2522 ἰαμβικὸν
1001 2436 1175 2501 συνίσταται
1186 2438 1268 2501 τιοιτά
1284 2440 1339 2522 μὲν

180 2537 235 2617 τάς
245 2537 387 2624 περιττάς
396 2535 513 2625 χώρας,
525 2536 662 2603 τουτέστι
678 2537 813 2624 πρώτην,
830 2539 934 2625 τρίτην
952 2542 1007 2604 καί
1023 2539 1175 2626 πέμπτην,
1194 2541 1231 2604 ἐτι
1248 2562 1338 2607 σπον-

181 2641 273 2722 δείου,
297 2640 420 2728 ἰάμβου,
442 2639 646 2723 άναποιίστου,
668 2642 806 2727 χορείου,
834 2640 869 2720 ὅς
896 2643 959 2706 ἐστι
986 2643 1168 2730 τρίβραχυς·
1197 2641 1280 2707 κατά
1303 2645 1338 2708 δέ

179 2745 234 2822 τὰς
255 2738 386 2830 άρτίους,
409 2743 554 2828 δευτέραν
575 2747 630 2807 καί
646 2742 806 2830 τετάρτην,
829 2743 955 2832 ἰάμβου,
978 2743 1177 2830 ἀναπαίστου,
1200 2746 1335 2831 χορείου.

180 2849 346 2927 Quoniam
369 2849 411 2913 ab
435 2868 483 2927 ea,
513 2868 597 2931 quae
621 2850 733 2913 statim
765 2849 935 2928 subicitur,
963 2851 1061 2914 metri
1089 2851 1251 2914 trochaici
1280 2851 1337 2915 de-

179 2953 361 3034 scriptione
383 2972 487 3034 aeque
503 2973 543 3015 ex
560 2952 823 3035 Hephaestionis
847 2952 1033 3016 enchiridio
1057 2955 1185 3032 hausta,
1210 2953 1336 3017 similes

177 3055 237 3119 τῶν
265 3055 412 3139 περιττῶν
440 3060 473 3118 et
499 3052 611 3138 ἀρτίων
637 3060 750 3139 χωρῶν
773 3056 1028 3137 explanationes
1052 3057 1183 3133 absunt,
1219 3075 1275 3120 eas
1299 3057 1332 3119 in

176 3163 283 3224 metro
313 3158 456 3222 iambico
484 3159 526 3222 ab
552 3159 677 3222 loanne
705 3159 863 3224 Siceliota
889 3159 940 3224 vel
970 3180 1009 3222 eo
1033 3179 1130 3242 quem
1154 3158 1330 3241 exscripsit

177 3261 308 3326 additas
331 3281 406 3326 esse
429 3261 618 3342 negandum
640 3264 701 3326 est.
744 3262 849 3326 lmmo
872 3262 1001 3325 videtur
1023 3262 1088 3326 iarn
1111 3262 1253 3325 loannes
1276 3261 1328 3327 Si-

177 3365 297 3429 celiota
330 3365 497 3446 glossema
530 3364 611 3427 illud
644 3366 732 3446 apud
764 3365 1049 3447 Hephaestionem
1083 3366 1241 3447 scriptum
1278 3365 1326 3427 in-

175 3468 319 3546 venisse,
343 3469 402 3532 sed
425 3468 583 3549 quoniam
606 3488 690 3551 quae
718 3469 758 3532 de
782 3473 877 3533 sexta
905 3469 984 3532 sede
1015 3469 1328 3550 praescribebantur

176 3571 276 3636 nimis
299 3572 412 3652 inepta
434 3571 643 3651 videbantur,
671 3592 731 3636 suo
756 3573 861 3654 ipsius
878 3571 1016 3636 arbitrio
1033 3572 1161 3649 ductus,
1184 3571 1218 3634 id
1242 3571 1329 3652 quod

176 3695 245 3739 non
269 3674 455 3753 rorefecit,
480 3674 677 3739 correxisse.

259 3777 470 3842 Fidelissime
510 3779 698 3843 communis
741 3778 912 3861 archetypi
949 3778 1127 3859 imaginem
1170 3775 1336 3859 expressit

176 3881 347 3966 archetypi
370 3880 488 3945 classis
511 3878 548 3942 X
566 3881 732 3960 librarius
757 3882 811 3963 qui
836 3882 905 3945 sive
927 3884 1064 3963 propter
1080 3881 1246 3945 inscitiam
1263 3879 1332 3943 sive

265 4087 285 4156 ¹)
305 4087 393 4154 Quam
413 4093 540 4142 accurate
558 4089 697 4156 archetypi
716 4089 864 4155 imaginem
883 4085 1048 4156 expresserit
1066 4086 1126 4138 cod.
1149 4083 1175 4137 A
1193 4083 1257 4137 inde
1276 4099 1334 4151 per·

176 4175 284 4243 spicias.
312 4175 386 4242 quod
416 4176 501 4228 verba
529 4193 554 4243 p.
578 4176 620 4236 80,
646 4177 658 4227 1
684 4176 714 4228 G.
738 4177 843 4242 μακράν
865 4205 898 4214 —
923 4179 982 4242 μίαν
1006 4174 1047 4234 ho,
1071 4174 1088 4225 3
1111 4172 1141 4225 G.
1159 4171 1187 4224 in
1206 4175 1334 4222 contextu

176 4262 280 4319 omissa
297 4261 326 4314 in
344 4263 468 4330 margine
488 4263 582 4315 addita
600 4268 671 4315 sunt.
713 4263 794 4328 Quod
818 4263 959 4331 quomodo
984 4277 1046 4313 curn
1069 4260 1256 4318 Choerobosci
1278 4282 1333 4318 me·

175 4349 263 4403 moria
273 4366 299 4417 p.
309 4350 351 4411 55,
363 4351 377 4402 7
389 4366 459 4418 sqq..
471 4351 505 4403 de
517 4367 572 4418 qua
585 4349 648 4402 ride
657 4349 794 4403 Voltziunr
816 4351 834 4403 l.
853 4367 884 4412 c..
904 4349 1136 4404 reconciliandum
1153 4351 1189 4404 sit
1211 4357 1333 4420 apparet.

261 4435 283 4506 ⁸)
302 4437 334 4489 cf.
354 4437 440 4490 schol.
459 4437 548 4505 Heph.
567 4454 585 4488 οι
602 4437 631 4490 in
650 4437 832 4490 Studemundi
849 4437 900 4492 An.
918 4453 974 4489 rar.
993 4437 1005 4489 l
1024 4455 1048 4506 p.
1071 4439 1118 4490 137
1142 4440 1177 4492 ad
1196 4456 1221 4508 p.
1240 4439 1281 4502 39,
1303 4439 1333 4493 13

176 4527 203 4580 et
220 4540 246 4592 p.
264 4523 306 4585 lc,
326 4524 349 4586 1,
368 4529 396 4577 et
413 4523 478 4579 ibid.
496 4524 629 4592 Anonym.
648 4541 673 4596 p.
691 4524 750 4584 ala.
770 4526 802 4577 18
820 4541 882 4595 sqq.
