3459 5200
1026 543 1067 604 77

556 749 604 813 Ac
632 747 777 831 primum
806 747 940 829 quidem
969 746 1163 829 indagemus
1192 767 1332 814 necesse
1361 753 1422 828 est,
1450 769 1527 813 num
1554 751 1612 813 iure

471 854 585 918 Hense
612 852 632 916 l.
657 870 684 915 c.
707 872 738 934 p.
764 851 824 915 156
848 850 978 915 duobus
1001 850 1085 916 locis
1108 852 1152 933 (p.
1175 852 1248 917 Xlll
1268 854 1382 917 9-11
1414 857 1448 917 51
1484 853 1614 932 13-111

472 977 492 1021 a
520 955 712 1021 scholiastis
742 954 915 1019 Heliodori
948 954 1053 1019 libros
1087 975 1162 1019 esse
1192 957 1379 1038 exscriptos
1407 956 1615 1033 affirmaverit,

472 1079 513 1124 ne
548 1059 633 1124 forte
667 1057 862 1140 quaestione
895 1058 1050 1122 instituta
1082 1058 1124 1123 de
1152 1059 1331 1143 disciplina
1361 1061 1615 1144 Hephaestionea

471 1166 605 1246 praeter
638 1161 832 1244 opinionem
866 1161 901 1225 in
934 1160 1171 1226 Heliodoream
1206 1163 1401 1229 incidamus.
1450 1163 1616 1245 Vestigium
1695 1244 1696 1251 μ

473 1265 645 1332 Heliodori
674 1263 880 1330 remansisse
907 1264 1037 1347 putavit
1064 1265 1178 1329 Hense
1207 1267 1242 1330 in
1270 1268 1432 1332 vocabulo
1455 1265 1560 1352 ῖαμβος
1578 1267 1618 1329 ila
1695 1290 1696 1293 ¹

472 1373 643 1452 usurpem,
665 1373 703 1434 ut
724 1389 840 1433 versus
862 1368 1016 1433 trimeter
1031 1368 1193 1434 iambicus
1210 1371 1422 1452 significetur.
1466 1372 1533 1438 Sed
1553 1371 1618 1436 licet

474 1478 562 1539 recte
596 1472 617 1538 l.
651 1491 678 1536 c.
712 1493 744 1554 p.
778 1472 818 1535 83
842 1493 892 1555 sq.
926 1473 1016 1536 hunc
1048 1492 1147 1537 usum
1180 1473 1284 1539 fuisse
1311 1475 1546 1541 Heliodoreum
1571 1475 1618 1538 de

474 1575 722 1655 monstraverit,
744 1580 857 1641 tamen
874 1575 988 1640 nescio
1006 1595 1071 1658 quo
1086 1580 1185 1658 pacto
1219 1578 1433 1661 reliquiarum
1460 1577 1619 1644 Heliodori

391 1747 393 1751 .
476 1681 577 1744 nimis
603 1668 718 1745 a'vidus
743 1680 886 1745 eundem
908 1679 1012 1744 fuisse
1034 1699 1164 1744 morem
1178 1686 1354 1762 praeterea
1369 1684 1542 1766 permultis
1557 1682 1619 1746 aliis

476 1785 695 1867 scriptoribus
719 1783 874 1866 neglexit.
925 1784 974 1849 lta
995 1783 1120 1848 factum
1148 1788 1209 1863 est,
1237 1790 1284 1864 ut,
1314 1805 1390 1852 cum
1417 1787 1509 1855 baud
1528 1804 1620 1868 pauca
1695 1818 1696 1875 μ

477 1890 663 1972 fragmenta
690 1887 756 1952 hoc
785 1887 857 1951 solo
887 1886 1012 1951 indicio
1038 1907 1120 1951 usus
1149 1885 1192 1951 ad
1212 1888 1432 1954 Heliodorum
1454 1893 1622 1966 revocaret,
1695 1954 1696 1977 ,

478 2013 554 2056 eum
583 1991 790 2056 condonaret
820 1990 970 2056 frustulis
999 1990 1171 2055 nonnullis
1203 1991 1245 2056 ab
1269 1991 1340 2056 eius
1363 1992 1517 2059 doctrina
1537 1994 1622 2076 plane
1695 2020 1696 2029 ν

478 2094 747 2160 abhorrentibus.
807 2094 851 2158 Ut
890 2095 980 2176 quod
1019 2093 1060 2157 de
1092 2094 1255 2159 vocabulo
1289 2095 1400 2181 ἴαμβος
1434 2097 1503 2162 dixi
1545 2116 1623 2160 com·

476 2199 626 2282 probem,
657 2217 697 2263 ex
725 2199 817 2280 larga
845 2198 1074 2279 exemplorum
1102 2217 1213 2262 messe
1243 2199 1326 2264 haec
1347 2199 1499 2282 proferre
1519 2202 1624 2284 placet.

475 2303 574 2384 Apud
602 2301 741 2366 Critiam
770 2301 890 2384 (Heph.
917 2322 949 2382 p.
982 2301 1029 2378 11,
1056 2302 1201 2365 10-17
1223 2302 1290 2384 W.)
1312 2302 1452 2384 legimus
1488 2302 1623 2389 ἰαμβεῖον,

482 2405 542 2470 sed
574 2406 640 2470 iam
674 2404 852 2488 Dionysius
874 2403 1167 2469 Halicarnasensis
1196 2405 1325 2484 rhetor,
1359 2425 1435 2472 cum
1462 2407 1505 2472 de
1531 2426 1626 2487 comp.

480 2510 570 2574 verb.
600 2527 626 2572 c.
657 2508 698 2572 76
726 2507 771 2590 (p.
799 2507 862 2572 118
891 2507 1036 2590 Schaef.)
1065 2506 1155 2572 dicat
1186 2504 1226 2571 τοὶ
1254 2508 1314 2592 ἔπη
1337 2510 1392 2572 καὶ
1419 2507 1489 2586 τούς
1511 2506 1628 2595 ἰάμβους

479 2608 594 2678 καὶτὰ
616 2610 698 2675 ἄλλα
719 2611 759 2675 τὰ
780 2608 938 2697 ὁμονοειδῆ
961 2610 1068 2697 μέτρα,
1091 2612 1132 2675 ab
1155 2611 1329 2677 Heliodori
1357 2633 1421 2678 usu
1449 2634 1521 2679 non
1543 2615 1627 2693 longe

480 2718 600 2783 abesse
632 2715 772 2780 videtur.
823 2715 962 2780 Caesius
990 2716 1116 2780 Bassus
1143 2715 1196 2780 GL
1225 2716 1267 2780 VI
1293 2717 1629 2799 p.158,18versum
1695 2725 1696 2796 ξ

484 2819 699 2885 Phalaeciurn
735 2818 821 2884 dixit
853 2823 1002 2900 „partem
1039 2819 1164 2883 habere
1200 2839 1243 2884 ex
1275 2820 1396 2898 heroe,
1433 2824 1563 2903 partem
1596 2839 1629 2882 er
1695 2837 1696 2844 ¹

481 2924 625 3001 iambo“,
647 2922 853 3005 Hephaestio
877 2922 979 2986 habet
1002 2920 1140 3007 ἰαμβεῖον
1162 2922 1207 3005 (p.
1230 2924 1283 3001 71,
1306 2925 1326 2987 9
1347 2922 1413 3005 W.)
1445 2928 1478 2988 et
1501 2921 1630 3009 ἰαμβικὸν

482 3027 525 3110 (ρ.
549 3028 578 3105 6,
603 3027 620 3091 7
645 3029 678 3090 et
700 3027 751 3106 71),
776 3026 814 3089 13
837 3024 913 3107 W.),
938 3024 998 3089 sed
1019 3025 1084 3089 huc
1106 3025 1277 3107 pertinent
1299 3025 1370 3090 eius
1389 3028 1492 3092 verba
1511 3019 1630 3091 Ῥίνθων
1695 3043 1696 3064 ³

483 3131 538 3214 ptr
569 3126 630 3212 γάρ
658 3128 772 3191 καὶέν
800 3124 901 3214 ἰάμβῳ
929 3126 997 3191 κτλ.
1025 3148 1057 3209 p.
1086 3128 1116 3205 6,
1142 3128 1180 3191 17
1203 3128 1254 3193 W.
1298 3128 1403 3211 Magis
1432 3130 1534 3194 etiam
1556 3128 1631 3211 apud

484 3232 689 3316 posteriores
706 3232 761 3296 hic
777 3252 857 3296 usus
875 3231 1073 3297 increbruit:
1097 3231 1138 3296 ct.
1155 3231 1320 3297 Choerob.
1336 3253 1368 3315 p.
1384 3233 1436 3313 56,
1453 3235 1503 3298 11.
1526 3234 1576 3311 63,
1593 3232 1632 3295 13.

483 3336 535 3414 65,
571 3336 619 3399 11.
656 3337 670 3397 1
728 3335 864 3417 (lemma
898 3339 962 3412 est;
996 3335 1203 3418 Hephaestio
1236 3356 1268 3418 p.
1304 3336 1354 3414 15,
1391 3337 1432 3401 10
1457 3337 1510 3401 W.
1544 3337 1632 3401 habet

485 3438 652 3525 laudradi).
698 3440 749 3516 63,
768 3441 782 3502 1
802 3438 868 3502 εἶτα
882 3436 966 3522 λέγει
987 3438 1134 3523 περὶτῆς
1156 3440 1249 3522 ἕκτης
1270 3436 1378 3524 χώρας
1400 3444 1454 3503 τοῦ
1476 3437 1587 3525 ἰάμβου
1600 3471 1633 3483 -
1695 3429 1696 3448 ³

483 3544 565 3608 haec
600 3561 640 3606 ex
669 3542 851 3607 Heliodoro
884 3542 1022 3607 fluxisse
1056 3562 1154 3607 nemo
1189 3542 1422 3625 suspicabitur.
1448 3542 1634 3618 -73,17;

484 3646 590 3731 στίχος
617 3646 728 3732 ἰαμβος
756 3649 807 3710 est
835 3646 924 3729 apud
953 3646 1073 3711 Choer.
1103 3667 1135 3728 p.
1166 3647 1217 3725 31,
1247 3647 1297 3711 17.
1341 3646 1391 3711 Ex
1420 3645 1558 3711 scholiis
1579 3644 1635 3709 He
1695 3675 1696 3744 l

485 3748 714 3831 phaestioueis
732 3750 814 3814 haec
830 3750 949 3814 affero:
973 3750 1078 3813 schol.
1095 3770 1116 3811 α
1138 3748 1213 3830 (An.
1236 3768 1305 3814 var.
1321 3750 1347 3832 Ι)
1369 3770 1403 3831 p.
1427 3750 1484 3813 171
1508 3748 1551 3813 ad
1567 3750 1593 3824 7,
1608 3748 1635 3810 3:
1695 3761 1696 3848 μ

484 3876 516 3937 p.
547 3854 606 3918 177
636 3852 679 3917 ad
706 3855 757 3929 70,
781 3854 816 3929 9;
843 3874 875 3934 p.
907 3853 962 3917 131
995 3853 1038 3917 ad
1067 3854 1118 3931 30,
1147 3854 1182 3927 3;
1209 3874 1241 3934 p.
1267 3854 1328 3917 135
1354 3854 1399 3917 ad
1426 3853 1476 3930 35,
1498 3852 1519 3914 5
1542 3850 1636 3916 schol.

484 3958 577 4041 prius
606 3956 660 4037 (cf.
690 3955 823 4021 Caesar.
854 3976 916 4020 em.
945 3956 1053 4038 Heph.
1079 3957 1093 4020 Ι
1120 3977 1152 4038 p.
1174 3956 1289 4039 XVll);
1312 3976 1343 4037 p.
1368 3956 1429 4020 136
1451 3953 1495 4019 ad
1516 3954 1567 4030 36,
1593 3954 1637 4016 10:

485 4082 517 4144 p.
543 4060 602 4123 137
631 4056 674 4121 ad
703 4058 753 4135 39,
782 4059 803 4122 1
832 4059 937 4123 schol.
968 4058 1076 4141 prius3
1104 4078 1136 4141 p.
1161 4058 1222 4122 111
1243 4057 1286 4122 ad
1309 4058 1405 4136 51,6
1438 4057 1525 4139 (ipsa
1547 4056 1638 4119 verba

486 4161 758 4245 Hephaestionea
772 4161 1077 4226 circumscribendo
1095 4160 1302 4243 redduntur).
1347 4159 1398 4225 Ex
1413 4160 1487 4225 aliis
1504 4159 1638 4241 scripto-

486 4268 578 4333 ribus
591 4265 674 4329 haec
692 4268 809 4329 notatu
821 4264 923 4346 digna
935 4268 1022 4329 sunt.
1067 4264 1193 4329 Tricha
1204 4263 1268 4346 (ed.
1282 4263 1456 4346 Westphal
1469 4262 1502 4326 in
1527 4264 1633 4344 script.

488 4374 582 4435 metr.
610 4386 717 4450 graec.
746 4369 808 4431 vol.
832 4368 858 4450 l)
886 4388 918 4451 p.
947 4368 1019 4446 761,
1045 4368 1186 4443 73-75;
1216 4367 1438 4432 Studemundi
1459 4367 1520 4430 An.
1544 4362 1639 4429 var.l
1695 4421 1696 4448 ,

487 4494 519 4557 p.
546 4472 606 4535 151
627 4471 645 4554 β
670 4470 716 4533 lb
739 4491 768 4534 v.
792 4472 810 4535 7
834 4470 890 4551 (cf.
912 4492 943 4553 p.
970 4472 1029 4535 137
1051 4470 1110 4554 §6
1138 4490 1168 4534 ν.
1194 4469 1238 4551 1);
1267 4469 1392 4534 Anecd.
1422 4467 1561 4534 Ghisian
1582 4466 1638 4546 (ed

489 4576 525 4643 G.
548 4573 784 4657 Mangelsdorf,
809 4573 1001 4639 Carolsruh.
1039 4574 1134 4656 1876)
1166 4594 1199 4656 p.
1231 4574 1288 4650 77;
1321 4572 1393 4638 Η51.
1429 4572 1580 4637 Monaoh.
1611 4570 1639 4633 in
