3459 5200
635 1401 993 1499 Praefatio.

325 1704 577 1803 Commentario
596 1756 696 1820 quam
715 1739 855 1802 nuncin
872 1738 980 1803 lucem
996 1736 1112 1802 emitto
1129 1735 1292 1818 originem
1307 1735 1402 1800 duxit

231 1871 252 1913 a
275 1848 472 1932 quaestione
494 1849 536 1913 ab
560 1850 678 1913 ordine
701 1850 982 1932 philosophorum
997 1848 1308 1914 Vratislaviensium
1322 1850 1401 1912 ante
1518 1834 1523 1848 '

232 1965 298 2029 hoc
326 1964 395 2028 tere
423 1963 597 2028 biennium
627 1963 662 2026 in
693 1962 875 2028 certamine
901 1963 1086 2046 proposita.
1130 1963 1239 2044 Atque
1263 1959 1403 2041 contigit

232 2076 316 2140 mihi
348 2080 385 2140 ut
419 2074 600 2158 disputatio
635 2096 656 2140 a
683 2096 737 2141 me
767 2076 959 2159 conscripta
986 2097 1015 2140 a.
1043 2076 1074 2140 d.
1100 2075 1143 2138 XI
1169 2075 1239 2139 Kal.
1266 2075 1345 2156 Apr.
1371 2093 1401 2136 a.

234 2188 317 2252 1889
344 2187 495 2270 praemio
525 2192 711 2253 ornaretur.
763 2189 870 2254 Simul
897 2189 1079 2253 Guilelmus
1106 2186 1326 2264 Studemund,
1353 2185 1403 2249 vir
1486 2200 1490 2206 ’

232 2319 308 2363 mea
329 2299 428 2363 laude
450 2297 567 2376 maior,
596 2320 696 2381 quem
724 2300 777 2364 his
808 2300 928 2366 litteris
956 2300 1174 2365 acerbissimo
1204 2299 1273 2364 tato
1297 2317 1402 2380 nuper

235 2413 390 2493 ereptum
413 2411 574 2493 lugemus,
598 2411 685 2476 ultro
704 2411 947 2493 benignissime
963 2412 1141 2492 concessit,
1164 2415 1201 2476 ut
1221 2412 1265 2476 ad
1280 2429 1402 2475 novam

234 2522 552 2587 commentariorum
565 2522 916 2605 Hephaestioncorum
932 2525 1203 2607 scholiorumque
1219 2522 1402 2588 editionem

232 2636 418 2719 parandam
441 2656 480 2699 eo
503 2656 602 2718 quem
623 2637 802 2718 collegerat
821 2641 984 2719 apparatu
1002 2637 1118 2703 critico
1133 2640 1255 2701 uterer.
1289 2636 1402 2719 Itaque

233 2748 325 2831 quod
347 2748 382 2811 in
406 2749 724 2813 commentariorum
747 2748 893 2813 editione
913 2749 1086 2832 scriptoris
1103 2750 1205 2813 verba
1224 2748 1267 2813 ad
1285 2748 1403 2829 optimi

235 2860 362 2925 codicis
385 2861 484 2926 tidem
508 2881 684 2926 recensere
707 2861 800 2925 licuit
822 2865 921 2943 atque
944 2860 1044 2925 etiarn
1072 2862 1114 2925 ad
1138 2860 1267 2925 scholia
1290 2881 1402 2925 emen-

236 2972 350 3037 danda
377 2992 466 3037 nova
489 2972 639 3037 subsidia
661 2978 891 3047 accesserunt,
919 2974 984 3037 hoc
1007 2973 1169 3038 Guilelmo
1193 2972 1403 3038 Studemund

234 3084 385 3148 debetur.
430 3084 466 3147 ln
497 3084 570 3166 ipsa
601 3085 883 3149 commentatione
912 3085 1057 3167 primum
1087 3086 1120 3148 id
1150 3106 1286 3167 operam
1316 3084 1403 3162 dedi,

234 3201 273 3261 ut
295 3216 410 3261 earum
433 3215 517 3278 quae
540 3199 655 3260 extant
673 3196 846 3261 doctrinae
870 3198 941 3279 περὶ
963 3192 1135 3281 ποιήματος
1153 3198 1403 3263 enarrationum

234 3313 269 3374 et
290 3310 393 3374 verba
416 3307 655 3397 constituerem
674 3314 706 3373 ct
726 3308 928 3374 sententiam
947 3310 1159 3392 explicarem,
1183 3314 1253 3374 tum
1269 3314 1305 3374 ut
1322 3330 1403 3393 quo-

234 3440 314 3485 nam
338 3420 548 3503 cognationis
577 3421 710 3485 vinculo
742 3422 974 3487 enarrationes
1005 3423 1079 3487 illae
1110 3424 1308 3489 coniunctae
1336 3422 1405 3487 sint

234 3533 423 3616 quibusque
444 3533 487 3598 ab
511 3533 703 3599 auctoribus
728 3534 930 3617 repetendae
954 3536 1174 3612 enuclearem,
1202 3535 1345 3618 denique
1368 3538 1404 3599 ut

234 3646 520 3721 demonstrarem,
560 3645 649 3709 unde
690 3644 839 3726 singulae
879 3646 1053 3711 doctrinae
1089 3650 1202 3728 partes
1241 3646 1404 3728 originem

236 3756 395 3821 duxerint
423 3757 608 3840 quibusque
637 3757 699 3822 viis
728 3777 767 3822 ac
796 3758 983 3822 rationibus
1014 3759 1049 3822 in
1077 3779 1179 3823 unum
1209 3760 1403 3824 coaluerint.

235 3868 311 3946 Quo
342 3869 475 3950 cognito
501 3869 600 3950 longe
623 3870 719 3933 aliter
742 3870 783 3934 dc
805 3870 963 3934 universa
985 3871 1048 3934 hac
1075 3871 1229 3935 doctrina
1259 3871 1403 3935 iudican-

237 3981 317 4045 dum
357 4002 432 4046 esse
465 3986 565 4065 atque
604 3982 713 4047 adhuc
746 3983 900 4048 homines
932 3984 1021 4047 docti
1052 3984 1140 4048 velut
1175 3983 1403 4064 Westphalius

235 4092 403 4159 Christius
424 4094 481 4158 alii
504 4094 594 4158 soliti
622 4100 709 4171 sunt,
734 4095 831 4159 facile
861 4095 965 4160 cuivis
989 4096 1179 4179 apparebit:
1204 4114 1405 4177 quamquam

234 4205 368 4288 longius
391 4207 479 4271 hanc
503 4227 574 4273 rem
597 4208 753 4291 persequi
775 4229 795 4271 a
817 4208 992 4290 proposito
1017 4212 1134 4272 nostro
1157 4208 1371 4275 abhorrebat.

831 4464 847 4469 -
863 4462 923 4470 .—-
