3459 5200
706 559 745 622 77

623 647 825 655 ——

140 764 221 828 dum
246 763 328 828 satis
352 764 438 828 hene
460 767 655 846 perceptum
677 764 804 829 habuit.
841 766 954 847 ltaque
976 784 1052 830 cum
1067 783 1309 850 nonnunquam

140 867 227 932 nihil
250 867 415 932 interesse
437 867 525 932 inter
546 867 722 949 periodum
752 872 785 932 et
813 869 988 951 stropham
1017 869 1310 950 animadverteret,

138 971 289 1052 postea1)
312 969 347 1034 in
371 970 447 1035 lihri
471 970 511 1034 de
534 971 774 1037 Demosthenis
796 971 829 1035 vi
852 971 987 1038 dicendi
1015 991 1086 1054 cap.
1113 972 1138 1037 L
1167 975 1244 1057 (vol.
1268 979 1309 1045 Vl

137 1093 171 1154 p.
198 1074 331 1150 1110,1
358 1093 429 1156 sqq.
453 1074 508 1156 R.)
536 1093 612 1138 eum
635 1093 734 1156 quem
762 1075 928 1158 exscripsi
955 1075 1066 1140 locum
1094 1074 1143 1138 sic
1176 1065 1310 1135 deflexit

137 1173 242 1260 ἠμὲν
268 1172 362 1260 ὅμοια
391 1174 695 1263 περιλαμβάνουσαέ)
730 1176 827 1261 μέτρα
859 1179 914 1241 καὶ
943 1175 1081 1263 ῥυθμοὺς
1107 1174 1310 1261 τεταγμένους

137 1279 221 1342 εἴτε
243 1277 343 1342 κατά
365 1279 501 1365 στίχον
523 1281 603 1345 εἴτε
625 1278 728 1344 κατά
749 1280 948 1364 περίοδον,
981 1278 1027 1364 ἦν
1058 1280 1243 1345 καλοῦσιν
1275 1277 1309 1342 οἱ

139 1383 322 1465 μουσικοὶ
355 1380 542 1467 στροφήν,
575 1381 709 1469 κᾷπειτα
741 1379 833 1448 πάλιν
865 1393 929 1460 τοῖς
957 1375 1060 1460 αὐτοῖς
1087 1383 1220 1468 ῥυθμοῖς
1253 1383 1309 1446 καὶ

136 1482 259 1568 μέτροις
282 1484 332 1548 ἐπὶ
353 1485 414 1550 τῶν
440 1477 540 1549 αὐτῶν
569 1483 757 1570 στίχοινῆ
790 1484 999 1570 περιόδων,
1034 1483 1076 1563 ἂς
1110 1478 1308 1568 ἀντιστρό-

138 1608 233 1670 φους
255 1583 506 1673 ὀνομάζουσι,
529 1587 677 1673 χρωμένη
697 1587 910 1675 ...ἔμμετρός
931 1586 955 1654 τ’
980 1589 1044 1653 ἐστὶ
1065 1590 1121 1652 καὶ
1142 1588 1308 1673 ἔρρυθμος·

136 1686 220 1772 riht
245 1689 539 1776 περιπεπλανημένα
567 1689 665 1775 μέτρα
693 1692 747 1754 καὶ
773 1690 914 1776 ῥυθμοὺς
940 1689 1094 1768 ἀτάκτους
1122 1689 1309 1777 ἐμπεριλαμ-

137 1789 279 1878 βάνουσα
300 1794 356 1856 καὶ
378 1789 447 1878 μήτ’
476 1789 723 1858 ἀκολουθίαν
750 1788 850 1858 αὐτῶν
878 1791 1077 1879 φυλάττουσα
1109 1789 1190 1880 μήτε
1218 1791 1308 1879 ὁμο-

133 1895 268 1980 ζυγίαν
311 1891 378 1982 μήτ’
423 1894 545 1980 ἄλλην
582 1891 794 1983 ὁμοιότητα
826 1897 1067 1983 τεταγμένην
1096 1896 1307 1983 μηδεμίαν,

134 1997 296 2084 εὔρυθμος
323 1997 378 2084 μέν
401 1999 541 2064 ἐστικαὶ
563 1997 718 2085 εὔμετρος.
763 2001 876 2082 Neque
904 2001 1004 2083 igitur
1037 2002 1127 2086 quod
1158 1999 1307 2083 periodis

135 2103 354 2184 stropharum
379 2122 504 2168 nomen
527 2124 547 2168 a
570 2103 708 2168 musicis
732 2103 876 2168 inditum
899 2125 974 2169 esse
992 2104 1172 2188 Dionysius
1195 2105 1307 2183 refert,

133 2204 222 2268 tanti
246 2205 408 2270 momenti
433 2211 484 2270 est
507 2205 623 2288 quanti
645 2206 773 2289 putavit
797 2206 936 2272 Crusius
959 2208 979 2273 l.
1005 2228 1032 2272 c.
1058 2229 1091 2290 p.
1116 2206 1195 2290 18⁸).
1240 2208 1308 2272 Sed

133 2307 288 2389 pluribus
323 2308 364 2372 de
399 2308 558 2392 strophae
591 2309 730 2374 notione
760 2309 940 2374 dicendum
963 2311 1036 2388 erit,
1065 2330 1139 2375 curn
1163 2311 1203 2374 de
1226 2311 1306 2375 Mar.

132 2411 259 2475 Victor.
283 2411 335 2476 GL
359 2411 398 2475 Vl
421 2434 452 2496 p.
477 2413 528 2490 58,
552 2414 572 2476 e
595 2433 667 2496 sqq.
691 2414 792 2478 verba
819 2413 949 2478 faciam.

221 2515 330 2596 Atque
351 2516 435 2580 haec
463 2515 598 2600 quidem
633 2517 673 2580 de
701 2517 810 2599 prima
838 2521 872 2582 et
897 2517 1002 2583 altera
1025 2517 1257 2584 commentarii
1280 2518 1306 2582 ll

131 2618 364 2700 paragraphis.
408 2620 456 2683 De
481 2620 570 2685 notis
593 2620 741 2685 metricis
765 2621 832 2685 iam
855 2621 923 2703 egi;
947 2622 980 2686 in
1001 2622 1189 2686 carminum
1204 2642 1305 2705 gene·

133 2720 230 2785 ribus
253 2722 482 2805 Westphalius
507 2723 588 2788 satis
618 2723 735 2789 hahuit
765 2722 814 2788 eis
846 2725 1039 2806 speciebus,
1068 2744 1152 2807 quae
1181 2725 1305 2789 nullius

131 2824 329 2889 viderentur
356 2825 470 2907 pretii,
504 2826 644 2891 seclusis
679 2828 815 2891 schema
843 2828 1154 2909 Hephaestioncum
1180 2828 1305 2909 princi-

129 2926 269 3009 palibus
301 2928 489 2993 rationibus
521 2930 661 2995 servatis
692 2929 872 2995 emendare
899 2935 932 2994 et
955 2930 1133 3012 corrigere.
1177 2930 1246 2995 Nos
1269 2930 1304 2995 in

130 3050 174 3094 ea
196 3031 412 3112 potissimum
434 3031 652 3114 inquiremus
675 3054 759 3116 quae
783 3034 928 3098 maxime
952 3033 1135 3115 singularia
1156 3053 1195 3096 ac
1218 3033 1304 3098 mira

130 3137 225 3209 sunt,
248 3138 284 3198 ut
306 3135 527 3217 expiscemur,
551 3137 671 3220 quihus
694 3136 882 3202 rationibus
906 3137 937 3201 ei
960 3137 1016 3220 qui
1039 3136 1214 3201 doctrinae
1229 3136 1304 3201 iun-

130 3236 295 3301 damenta
310 3236 451 3303 iecerint
473 3239 608 3303 adducti
632 3226 709 3316 sint,
732 3243 769 3304 ut
792 3240 875 3305 haec
897 3239 972 3322 ipsa
986 3258 1110 3321 genera
1125 3240 1304 3321 seligerent

129 3358 240 3421 eaque
264 3339 312 3403 sic
334 3345 371 3406 ut
394 3361 482 3407 nunc
506 3346 584 3407 sunt
607 3342 836 3423 disponerent.

220 3442 460 3510 Percurremus
485 3446 616 3527 singula
645 3466 685 3509 ex
714 3445 842 3510 ordine.
882 3445 1100 3527 Hephaestio,
1134 3466 1210 3511 cum
1237 3447 1303 3511 duo

128 3546 296 3629 primaria
322 3549 508 3614 carminum
530 3568 654 3631 genera
681 3568 756 3613 esse
783 3548 894 3627 vellet,
927 3546 1010 3613 κατὰ
1037 3547 1142 3634 στίχον
1166 3555 1198 3614 et
1220 3548 1302 3613 κατὰ

127 3644 289 3735 σύστημα,
312 3671 382 3716 non
399 3651 509 3735 potuit
526 3672 596 3717 non
617 3652 714 3718 alteri
737 3651 910 3734 assignare
931 3651 1053 3735 elegias
1078 3656 1111 3716 et
1131 3649 1202 3729 τοὺς
1223 3653 1303 3738 ἐπῳ-

126 3749 215 3829 δούς.
260 3753 382 3820 Verum
404 3760 441 3820 ut
463 3755 504 3820 de
528 3756 645 3838 epodls
668 3759 808 3833 taceam,
832 3754 1013 3837 elegiarum
1029 3754 1160 3819 indoles
1177 3761 1302 3839 quanto

123 3857 272 3941 propius
295 3858 391 3923 abest
413 3860 455 3924 ah
480 3860 574 3941 epica
595 3858 691 3941 poesi
714 3878 813 3942 quam
836 3880 856 3923 a
880 3858 998 3922 solutis
1022 3858 1142 3940 lyricae
1157 3880 1301 3941 poeseos

224 4064 244 4135 ¹)
264 4066 297 4120 cl.
322 4066 373 4121 Th.
397 4065 529 4120 Roessler
551 4066 676 4135 Dionysii
694 4066 782 4119 Halic.
806 4064 898 4134 scn'pt
922 4067 1024 4120 rhetor.
1042 4067 1196 4133 fragmenta
1218 4066 1302 4137 (Lips.

126 4152 211 4221 1873)
230 4170 257 4221 p.
276 4154 294 4206 4
311 4168 352 4221 sq.

223 4240 246 4309 ¹)
264 4242 496 4309 περιλαμβάνουσα
514 4242 621 4310 scripsi,
639 4241 887 4309 παραλαμβάνουσα
905 4240 984 4295 codd.

222 4329 243 4399 ¹)
261 4328 292 4381 In
311 4328 399 4382 schol.
418 4327 499 4383 Arist.
517 4328 587 4383 Nuh.
605 4328 656 4381 333
675 4324 904 4396 ᾀσματοκάμπτας
919 4330 949 4379 δὲ
965 4325 1006 4380 ὅτι
1023 4326 1067 4381 διὰ
1084 4327 1114 4379 τὸ
1134 4322 1245 4394 ἁρμονίᾳ
1263 4326 1300 4395 μη

119 4416 284 4474 ὑποπίπτειν
309 4396 367 4468 κτλ.
396 4414 506 4470 Crusius
533 4433 560 4484 p.
584 4416 617 4469 11
644 4416 707 4469 adn.
737 4416 749 4469 l
779 4414 910 4469 audacius
938 4415 1049 4483 scripsit
1073 4416 1184 4480 καμπὰς
1210 4417 1302 4482 έχουσι

118 4509 256 4567 πλείονας
282 4505 350 4571 <rev
376 4501 535 4571 περιόδων),
562 4503 596 4568 ἃς
624 4506 649 4555 οἱ
675 4508 795 4572 μουσικοὶ
817 4505 933 4555 καλοῦσι
962 4501 1080 4569 στροφάς
1109 4504 1168 4555 κτλ.
1212 4502 1299 4556 Immo

118 4592 233 4651 luditur
252 4590 393 4643 vocabulis
411 4590 505 4659 καμεή
526 4596 553 4644 et
571 4590 682 4659 στροφὴ.
