3459 5200
716 391 758 454 53

124 583 279 648 siluimus.
315 583 372 667 Ep.
397 585 448 650 89.
464 585 525 648 22:
551 602 685 664 quorum
708 582 869 668 profunda
902 589 934 648 et
967 585 1147 648 insatiabilis
1174 585 1251 666 gula
1275 584 1348 650 binc

124 695 224 755 :nuria
247 699 413 772 sectatur,
438 689 512 756 bine
536 699 643 756 terras.
682 690 741 774 Ep.
770 693 842 758 119.
860 691 894 755 7:
928 698 1086 755 emulatur
1107 694 1208 756 masa
1231 690 1352 774 ignota.

211 815 249 878 T.
274 816 349 898 Agr.
374 817 475 881 33.1:
513 815 679 901 Excepere
704 815 881 880 orationem
905 813 1033 880 alacres
1128 823 1224 881 cantu
1241 821 1352 900 fremi-

124 931 212 1007 tuque
235 933 265 988 et
289 925 471 988 claruet-ibus
493 926 636 988 dissonis.
684 923 766 991 Hist.
787 924 801 988 1
826 925 877 988 32.
894 926 930 988 2:
955 925 1079 988 dissono
1102 927 1243 989 clamore.

212 1029 244 1094 S.
275 1029 316 1094 de
345 1030 412 1095 vita
435 1030 532 1096 beata
555 1030 570 1092 Ι
593 1033 628 1095 2:
663 1050 726 1096 nun
760 1029 875 1096 ducem
908 1029 1010 1095 secuti
1043 1029 1102 1096 sed
1127 1034 1291 1114 fremitum
1325 1041 1353 1098 et

124 1140 287 1202 electorem
310 1140 475 1202 dissonum.
523 1137 581 1222 Ep.
607 1139 659 1205 56.
676 1140 711 1202 3:
748 1134 861 1220 π014,
894 1136 1010 1220 inquis,
1038 1136 1176 1203 terreum
1206 1145 1262 1203 aut
1285 1159 1352 1204 sur·

124 1243 207 1328 dum,
233 1244 286 1308 eui
309 1264 400 1310 mens
424 1244 507 1308 inter
530 1250 576 1310 tot
600 1246 748 1309 statueres
772 1251 838 1309 tam
862 1243 981 1320 varios,
1006 1249 1073 1308 tam
1095 1246 1246 1326 dicacem,
1278 1265 1351 1310 con-

124 1357 188 1416 stat
208 1404 215 1419 .
232 1405 238 1418 ,
255 1357 301 1419 ,,“
350 1357 384 1416 at
410 1350 609 1418 mehercules
638 1371 698 1434 ego
726 1350 823 1418 istum
844 1354 1006 1434 sternitum
1039 1370 1103 1415 non
1135 1352 1241 1434 magis
1275 1371 1350 1418 curo

124 1479 218 1541 quam
242 1457 376 1523 fluctum
405 1464 461 1523 aut
489 1457 648 1524 deiectum
680 1477 795 1540 aquae.
845 1457 930 1524 Gurt.
960 1458 989 1522 V
1016 1461 1138 1526 1214:
1171 1458 1289 1524 Varius
1312 1479 1352 1524 ac

124 1564 276 1632 dissonus
301 1564 432 1633 clamor.

211 1691 249 1758 T.
276 1690 384 1774 Agric.
409 1691 462 1758 35.
478 1692 525 1757 2:
540 1689 714 1773 statimque
737 1692 779 1754 ed
800 1712 893 1754 erma
915 1691 1100 1755 dostram.

212 1798 243 1866 S.
269 1797 313 1864 de
335 1797 385 1861 ira
408 1797 455 1862 Ill
480 1799 509 1864 2.
527 1799 561 1862 3:
586 1800 628 1862 ud
650 1820 741 1862 urina
763 1796 910 1881 protinus
933 1797 1090 1879 ignesque
1108 1799 1281 1862 discrmaum
1295 1806 1349 1864 est.

125 1905 164 1972 de
188 1907 276 1973 brev.
303 1904 357 1970 vit
381 1905 478 1970 1111:
503 1907 545 1970 cd
567 1903 694 1990 lapides
719 1909 751 1968 et
773 1926 864 1969 erma
887 1906 1073 1969 damnant.

210 2049 249 2116 Τ.
287 2047 390 2131 Agric.
425 2049 477 2114 39.
506 2049 558 2113 13:
596 2050 742 2132 optimum
773 2050 806 2111 in
833 2049 1012 2130 ¹praesentio
1044 2046 1158 2113 statuit
1193 2065 1349 2132 reponere

125 2154 241 2220 odium.

211 2261 245 2326 S.
270 2268 337 2326 nat.
360 2268 485 2344 quaest.
510 2260 614 2328 1136:
640 2280 711 2326 cum
735 2259 866 2345 sapiens
891 2259 968 2344 quid
992 2261 1034 2326 sit
1057 2264 1202 2344 optimum
1216 2264 1250 2324 in
1259 2283 1347 2344 prae·

124 2373 219 2434 sentio
243 2369 337 2435 sciat.

211 2496 248 2560 T.
274 2493 382 2577 Agric.
406 2495 459 2560 41.
480 2495 533 2560 15:
559 2493 675 2576 quibus
700 2492 900 2558 sermonibus
924 2493 1006 2559 satis
1029 2499 1158 2559 constat
1173 2492 1348 2558 Domitiani

126 2622 249 2687 quoque
274 2626 366 2669 ouras
388 2604 571 2667 uerberatos.

211 2712 242 2777 S.
269 2709 312 2775 ad
336 2709 433 2773 Marc
462 2708 503 2773 de
531 2706 650 2773 consol.
681 2706 760 2772 XIX
784 2710 818 2773 6:
857 2727 898 2772 ne
930 2706 1085 2774 conviciis
1117 2706 1246 2790 quidem
1273 2706 1350 2772 ullis

127 2814 327 2883 verecundae
350 2838 442 2881 cures
464 2816 673 2879 verberantur.
721 2814 780 2899 np.
805 2815 858 2882 56.
875 2816 912 2879 4:
945 2814 998 2880 bic
1023 2819 1079 2896 (sc.
1103 2814 1255 2900 crepitus)
1279 2820 1347 2877 tau·

126 2931 188 2989 tum
212 2946 307 2991 curres
332 2922 494 3009 inpletae
517 2923 663 2987 uerberat.

211 3070 250 3136 Τ.
281 3066 385 3150 Agrie.
410 3068 537 3135 4215:
573 3064 751 3130 Domitiani
778 3084 854 3129 vero
883 3071 1000 3130 natura
1022 3084 1180 3150 praeceps
1202 3068 1236 3128 ia
1257 3067 1347 3128 irum.

212 3176 242 3241 S.
267 3173 309 3239 de
333 3174 381 3239 ira
404 3172 435 3237 II
459 3176 511 3239 20.
533 3178 562 3238 1:
588 3179 704 3237 natura
727 3170 887 3254 quosdam
908 3171 1069 3256 proclives
1091 3176 1126 3235 iu
1151 3174 1231 3236 iram
1259 3169 1347 3239 facit.

127 3280 166 3347 ib.
185 3285 233 3350 15.
257 3288 288 3347 1:
314 3278 411 3346 fortia
435 3278 605 3363 solidaque
623 3286 739 3345 natura
754 3279 887 3362 ingenia
982 3298 1084 3364 prona
1107 3282 1140 3344 iu
1161 3282 1242 3343 irum
1265 3283 1348 3345 sunt.

212 3427 249 3491 T.
274 3424 382 3508 Agric.
406 3427 459 3491 42.
479 3426 533 3490 19:
560 3426 766 3507 postomium
790 3422 849 3487 sub
872 3422 967 3488 malis
991 3422 1189 3508 principibus
1212 3441 1348 3504 magnos

128 3530 210 3598 viros
234 3552 316 3599 esse.

214 3640 246 3706 S.
273 3638 314 3703 de
337 3638 385 3703 ira
408 3637 456 3702 111
482 3639 529 3704 15.
548 3642 581 3701 2:
600 3660 694 3722 posse
717 3641 809 3702 etiam
833 3657 874 3701 ex
896 3635 1080 3719 ingentibus
1104 3634 1198 3701 malis
1213 3654 1349 3700 nascen-

129 3752 189 3811 tem
211 3748 293 3813 iram
317 3744 481 3811 abscondi.
511 3751 575 3811 nat.
601 3752 725 3828 quaest.
750 3744 781 3809 Ii
805 3745 858 3811 bb.
880 3746 915 3809 3:
945 3766 1037 3828 posse
1060 3746 1151 3808 etium
1174 3741 1348 3825 aliqnando

129 3850 186 3917 hoc
208 3853 288 3921 fieri.

215 3980 253 4047 Τ.
278 3979 385 4063 Agric.
406 3980 533 4059 44.173
559 3975 592 4044 S.
617 3975 657 4041 de
680 3996 768 4061 prov.
792 3976 871 4041 V8:
893 3979 1011 4059 pronde
1033 3978 1189 4042 commum.

214 4124 250 4189 T.
278 4122 451 4206 agriem.
471 4124 525 4187 18:
549 4118 630 4185 illud
656 4126 789 4205 tempus,
814 4140 876 4202 quo
892 4119 1096 4185 Domitianus
1120 4139 1184 4182 non
1207 4117 1349 4201 iamper

133 4225 296 4295 intervalla
320 4250 359 4295 ac
389 4228 588 4314 spiramenta
616 4234 807 4311 temporum,
841 4225 899 4292 sed
933 4215 1082 4291 continuo
1116 4232 1148 4289 et
1176 4224 1264 4289 velut
1286 4245 1348 4289 :nto

133 4336 188 4400 ictu
210 4358 275 4403 rem
299 4336 460 4422 publicam
485 4334 643 4401 exhausit.

217 4445 248 4511 S.
272 4444 312 4510 de
335 4445 384 4509 ira
407 4442 455 4505 111
483 4444 531 4509 19.
548 4446 583 4507 2:
608 4441 662 4526 qui
687 4440 746 4529 (sc.
772 4441 805 4506 0.
826 4439 961 4520 Caesar)
985 4440 1128 4524 optabat,
1152 4444 1188 4503 ut
1209 4436 1349 4523 populus

134 4546 289 4618 Romanus
322 4572 418 4616 unam
451 4549 608 4615 cervicem
640 4549 786 4630 haberet,
821 4554 855 4613 ut
887 4548 1011 4613 scelera
1039 4565 1099 4612 sua
1125 4550 1173 4610 tot
1199 4543 1280 4611 locis
1309 4564 1349 4610 ac

136 4660 322 4742 temporibus
347 4658 480 4724 diducta
502 4658 654 4724 inunum
677 4660 768 4723 ictum
793 4661 825 4720 et
849 4675 944 4719 uuum
969 4652 1055 4718 diem
1077 4659 1218 4736 cogeret.
