<?xml version="1.0" encoding="UTF-8"?>
<!DOCTYPE html PUBLIC "-//W3C//DTD XHTML 1.0 Transitional//EN"
    "http://www.w3.org/TR/xhtml1/DTD/xhtml1-transitional.dtd">
<html xmlns="http://www.w3.org/1999/xhtml" xml:lang="en" lang="en">
 <head>
  <title>
</title>
<meta http-equiv="Content-Type" content="text/html;charset=utf-8" />
  <meta name='ocr-system' content='tesseract 3.04.00' />
  <meta name='ocr-capabilities' content='ocr_page ocr_carea ocr_par ocr_line ocrx_word'/>
</head>
<body>
  <div class='ocr_page' id='page_1' title='image "./detacitosenecae00zimmgoog_0177.png"; bbox 0 0 3459 5200; ppageno 0'>
   <div class='ocr_carea' id='block_1_1' title="bbox 842 348 1053 447">
    <p class='ocr_par' dir='ltr' id='par_1_1' title="bbox 842 348 1053 447">
     <span class='ocr_line' id='line_1_1' title="bbox 842 348 1053 447; baseline 0 0"><span class='ocrx_word' id='word_1_1' title='bbox 842 348 1053 447; x_wconf 52' lang='grc' dir='ltr'><strong><em>Δί),-</em></strong></span> 
     </span>
    </p>
   </div>
   <div class='ocr_carea' id='block_1_2' title="bbox 292 554 1576 4404">
    <p class='ocr_par' dir='ltr' id='par_1_2' title="bbox 292 554 1576 4404">
     <span class='ocr_line' id='line_1_2' title="bbox 334 554 1571 653; baseline -0.007 -15"><span class='ocrx_word' id='word_1_2' title='bbox 334 588 410 638; x_wconf 81' lang='lat' dir='ltr'><strong>sera</strong></span> <span class='ocrx_word' id='word_1_3' title='bbox 430 586 516 635; x_wconf 87' lang='lat' dir='ltr'><strong>num.</strong></span> <span class='ocrx_word' id='word_1_4' title='bbox 533 565 623 633; x_wconf 86' lang='lat' dir='ltr'><strong>vind.</strong></span> <span class='ocrx_word' id='word_1_5' title='bbox 641 564 698 629; x_wconf 84' lang='lat'><strong><em>22:</em></strong></span> <span class='ocrx_word' id='word_1_6' title='bbox 713 558 842 648; x_wconf 72' lang='grc' dir='ltr'><strong><em>Ἔλεγεν</em></strong></span> <span class='ocrx_word' id='word_1_7' title='bbox 865 554 923 629; x_wconf 82' lang='grc' dir='ltr'><strong><em>οὖν</em></strong></span> <span class='ocrx_word' id='word_1_8' title='bbox 946 560 1067 629; x_wconf 76' lang='grc' dir='ltr'><strong><em>ἕκαστα</em></strong></span> <span class='ocrx_word' id='word_1_9' title='bbox 1090 557 1226 653; x_wconf 79' lang='grc' dir='ltr'><em>φράζων</em></span> <span class='ocrx_word' id='word_1_10' title='bbox 1249 559 1267 627; x_wconf 87' lang='grc' dir='ltr'><strong><em>ά</em></strong></span> <span class='ocrx_word' id='word_1_11' title='bbox 1289 564 1349 629; x_wconf 84' lang='grc' dir='ltr'><strong><em>τοῦ</em></strong></span> <span class='ocrx_word' id='word_1_12' title='bbox 1374 562 1571 630; x_wconf 80' lang='grc' dir='ltr'><strong><em>Θεσπεσίου</em></strong></span> 
     </span>
     <span class='ocr_line' id='line_1_3' title="bbox 335 666 1571 764; baseline -0.005 -22"><span class='ocrx_word' id='word_1_13' title='bbox 335 672 498 764; x_wconf 85' lang='grc' dir='ltr'><strong><em>συγγενής,</em></strong></span> <span class='ocrx_word' id='word_1_14' title='bbox 532 671 578 749; x_wconf 89' lang='grc' dir='ltr'><strong><em>ῶς</em></strong></span> <span class='ocrx_word' id='word_1_15' title='bbox 608 667 811 759; x_wconf 79' lang='grc' dir='ltr'><strong><em>Ἀδράστεια</em></strong></span> <span class='ocrx_word' id='word_1_16' title='bbox 837 668 909 756; x_wconf 83' lang='grc' dir='ltr'><strong><em>μέν,</em></strong></span> <span class='ocrx_word' id='word_1_17' title='bbox 944 666 1104 758; x_wconf 88' lang='grc' dir='ltr'><strong><em>Ἀνάγκης</em></strong></span> <span class='ocrx_word' id='word_1_18' title='bbox 1126 670 1181 737; x_wconf 84' lang='grc' dir='ltr'><strong><em>καὶ</em></strong></span> <span class='ocrx_word' id='word_1_19' title='bbox 1204 667 1286 747; x_wconf 88' lang='grc' dir='ltr'><strong><em>Διὸς</em></strong></span> <span class='ocrx_word' id='word_1_20' title='bbox 1307 666 1471 759; x_wconf 65' lang='grc' dir='ltr'><strong><em>θυγάτηρ,</em></strong></span> <span class='ocrx_word' id='word_1_21' title='bbox 1506 669 1571 737; x_wconf 79' lang='grc' dir='ltr'><strong><em>ἐπὶ</em></strong></span> 
     </span>
     <span class='ocr_line' id='line_1_4' title="bbox 334 773 1574 870; baseline -0.006 -20"><span class='ocrx_word' id='word_1_22' title='bbox 334 788 419 851; x_wconf 85' lang='grc' dir='ltr'><strong><em>πᾶσι</em></strong></span> <span class='ocrx_word' id='word_1_23' title='bbox 442 776 588 870; x_wconf 86' lang='grc' dir='ltr'><strong><em>τιμωρὸς</em></strong></span> <span class='ocrx_word' id='word_1_24' title='bbox 610 775 768 846; x_wconf 77' lang='grc' dir='ltr'><em>ἀνωτάτω</em></span> <span class='ocrx_word' id='word_1_25' title='bbox 796 776 950 845; x_wconf 81' lang='grc' dir='ltr'><strong><em>τέτακται</em></strong></span> <span class='ocrx_word' id='word_1_26' title='bbox 976 782 1048 854; x_wconf 92' lang='grc' dir='ltr'><strong><em>τοῖς</em></strong></span> <span class='ocrx_word' id='word_1_27' title='bbox 1070 773 1268 866; x_wconf 79' lang='grc' dir='ltr'><strong><em>άδικήμασι·</em></strong></span> <span class='ocrx_word' id='word_1_28' title='bbox 1293 778 1436 844; x_wconf 82' lang='grc' dir='ltr'><strong><em>καὶτῶν</em></strong></span> <span class='ocrx_word' id='word_1_29' title='bbox 1459 802 1574 865; x_wconf 90' lang='grc' dir='ltr'><strong><em>πονη-</em></strong></span> 
     </span>
     <span class='ocr_line' id='line_1_5' title="bbox 335 880 1576 981; baseline -0.006 -24"><span class='ocrx_word' id='word_1_30' title='bbox 335 895 403 981; x_wconf 92' lang='grc' dir='ltr'><strong><em>ρῶν</em></strong></span> <span class='ocrx_word' id='word_1_31' title='bbox 425 887 501 957; x_wconf 79' lang='grc' dir='ltr'><strong><em>οάτε</em></strong></span> <span class='ocrx_word' id='word_1_32' title='bbox 515 885 618 974; x_wconf 80' lang='grc' dir='ltr'><em>μέγας</em></span> <span class='ocrx_word' id='word_1_33' title='bbox 633 883 743 963; x_wconf 77' lang='grc' dir='ltr'><strong><em>οὐδεὶς</em></strong></span> <span class='ocrx_word' id='word_1_34' title='bbox 759 882 889 973; x_wconf 79' lang='grc' dir='ltr'><strong><em>[οὕτως]</em></strong></span> <span class='ocrx_word' id='word_1_35' title='bbox 915 882 990 951; x_wconf 75' lang='grc' dir='ltr'><strong><em>οὔτε</em></strong></span> <span class='ocrx_word' id='word_1_36' title='bbox 1005 882 1122 973; x_wconf 90' lang='grc' dir='ltr'><strong><em>μικρὸς</em></strong></span> <span class='ocrx_word' id='word_1_37' title='bbox 1137 883 1274 969; x_wconf 89' lang='grc' dir='ltr'><strong><em>γε’γονεν,</em></strong></span> <span class='ocrx_word' id='word_1_38' title='bbox 1298 882 1379 951; x_wconf 80' lang='grc' dir='ltr'><strong><em>ὥστ’</em></strong></span> <span class='ocrx_word' id='word_1_39' title='bbox 1402 880 1423 972; x_wconf 74' lang='grc' dir='ltr'>ἢ</span> <span class='ocrx_word' id='word_1_40' title='bbox 1446 886 1576 951; x_wconf 66' lang='lat' dir='ltr'><strong>latitas·</strong></span> 
     </span>
     <span class='ocr_line' id='line_1_6' title="bbox 334 988 1576 1087; baseline -0.008 -22"><span class='ocrx_word' id='word_1_41' title='bbox 334 995 549 1087; x_wconf 80' lang='grc' dir='ltr'><strong><em>διεκφεάγειν,</em></strong></span> <span class='ocrx_word' id='word_1_42' title='bbox 572 991 592 1083; x_wconf 84' lang='grc' dir='ltr'>ἢ</span> <span class='ocrx_word' id='word_1_43' title='bbox 614 990 825 1079; x_wconf 81' lang='grc' dir='ltr'><strong><em>βιασάμενος.</em></strong></span> <span class='ocrx_word' id='word_1_44' title='bbox 872 989 954 1079; x_wconf 78' lang='grc' dir='ltr'><strong><em>άλλη</em></strong></span> <span class='ocrx_word' id='word_1_45' title='bbox 978 991 1015 1059; x_wconf 85' lang='grc' dir='ltr'><strong><em>δὲ</em></strong></span> <span class='ocrx_word' id='word_1_46' title='bbox 1038 988 1119 1080; x_wconf 86' lang='grc' dir='ltr'><strong><em>άλλη</em></strong></span> <span class='ocrx_word' id='word_1_47' title='bbox 1151 991 1296 1080; x_wconf 76' lang='grc' dir='ltr'><strong><em>τιμωρία</em></strong></span> <span class='ocrx_word' id='word_1_48' title='bbox 1325 996 1427 1079; x_wconf 92' lang='grc' dir='ltr'><strong><em>τριῶν</em></strong></span> <span class='ocrx_word' id='word_1_49' title='bbox 1454 988 1576 1058; x_wconf 72' lang='grc' dir='ltr'><strong><em>οὐσῶν</em></strong></span> 
     </span>
     <span class='ocr_line' id='line_1_7' title="bbox 334 1095 1571 1194; baseline -0.005 -23"><span class='ocrx_word' id='word_1_50' title='bbox 334 1103 457 1194; x_wconf 77' lang='grc' dir='ltr'><strong><em>φύλακι</em></strong></span> <span class='ocrx_word' id='word_1_51' title='bbox 479 1104 534 1170; x_wconf 84' lang='grc' dir='ltr'><strong><em>καὶ</em></strong></span> <span class='ocrx_word' id='word_1_52' title='bbox 557 1104 737 1191; x_wconf 73' lang='grc' dir='ltr'><strong><em>χειρουργῷ</em></strong></span> <span class='ocrx_word' id='word_1_53' title='bbox 759 1098 929 1192; x_wconf 84' lang='grc' dir='ltr'><strong><em>προσήκει.</em></strong></span> <span class='ocrx_word' id='word_1_54' title='bbox 975 1096 1052 1177; x_wconf 80' lang='grc' dir='ltr'><strong><em>τοὺς</em></strong></span> <span class='ocrx_word' id='word_1_55' title='bbox 1079 1095 1222 1188; x_wconf 80' lang='grc' dir='ltr'><strong><em>μὲνγὰρ</em></strong></span> <span class='ocrx_word' id='word_1_56' title='bbox 1246 1096 1350 1175; x_wconf 72' lang='grc' dir='ltr'><strong><em>εὐθὺς</em></strong></span> <span class='ocrx_word' id='word_1_57' title='bbox 1373 1098 1408 1165; x_wconf 88' lang='grc' dir='ltr'><strong><em>ε’ν</em></strong></span> <span class='ocrx_word' id='word_1_58' title='bbox 1432 1096 1571 1181; x_wconf 84' lang='grc' dir='ltr'><strong><em>σώματι</em></strong></span> 
     </span>
     <span class='ocr_line' id='line_1_8' title="bbox 333 1204 1572 1295; baseline -0.003 -17"><span class='ocrx_word' id='word_1_59' title='bbox 333 1213 389 1278; x_wconf 87' lang='grc' dir='ltr'><strong><em>καὶ</em></strong></span> <span class='ocrx_word' id='word_1_60' title='bbox 421 1208 479 1278; x_wconf 85' lang='grc' dir='ltr'><strong><em>διὰ</em></strong></span> <span class='ocrx_word' id='word_1_61' title='bbox 514 1206 678 1294; x_wconf 89' lang='grc' dir='ltr'><strong><em>σωμάτων</em></strong></span> <span class='ocrx_word' id='word_1_62' title='bbox 714 1206 954 1291; x_wconf 80' lang='grc' dir='ltr'><strong><em>κολαζομένους</em></strong></span> <span class='ocrx_word' id='word_1_63' title='bbox 991 1206 1253 1295; x_wconf 79' lang='grc' dir='ltr'><strong><em>μεταχειρίζεται</em></strong></span> <span class='ocrx_word' id='word_1_64' title='bbox 1288 1204 1395 1293; x_wconf 69' lang='lat' dir='ltr'><strong>Hora»)</strong></span> <span class='ocrx_word' id='word_1_65' title='bbox 1432 1211 1572 1287; x_wconf 86' lang='grc' dir='ltr'><strong><em>ταχεῖα.</em></strong></span> 
     </span>
     <span class='ocr_line' id='line_1_9' title="bbox 332 1311 1572 1407; baseline -0.005 -23"><span class='ocrx_word' id='word_1_66' title='bbox 332 1316 430 1407; x_wconf 79' lang='grc' dir='ltr'><strong><em>πρᾴῳ</em></strong></span> <span class='ocrx_word' id='word_1_67' title='bbox 453 1317 520 1384; x_wconf 81' lang='grc' dir='ltr'><strong><em>τινὶ</em></strong></span> <span class='ocrx_word' id='word_1_68' title='bbox 542 1313 657 1405; x_wconf 83' lang='grc' dir='ltr'><strong><em>τρόπῳ</em></strong></span> <span class='ocrx_word' id='word_1_69' title='bbox 679 1314 735 1381; x_wconf 83' lang='grc' dir='ltr'><strong><em>καὶ</em></strong></span> <span class='ocrx_word' id='word_1_70' title='bbox 757 1313 1000 1403; x_wconf 79' lang='grc' dir='ltr'><strong><em>παραλείποντι</em></strong></span> <span class='ocrx_word' id='word_1_71' title='bbox 1023 1311 1131 1379; x_wconf 81' lang='grc' dir='ltr'><strong><em>πολλά</em></strong></span> <span class='ocrx_word' id='word_1_72' title='bbox 1153 1317 1219 1381; x_wconf 89' lang='grc' dir='ltr'><strong><em>τῶν</em></strong></span> <span class='ocrx_word' id='word_1_73' title='bbox 1241 1316 1422 1402; x_wconf 76' lang='grc' dir='ltr'><strong><em>καθαρμοῦ</em></strong></span> <span class='ocrx_word' id='word_1_74' title='bbox 1445 1311 1572 1397; x_wconf 81' lang='grc' dir='ltr'><strong><em>δεομέ-</em></strong></span> 
     </span>
     <span class='ocr_line' id='line_1_10' title="bbox 333 1414 1573 1510; baseline -0.006 -18"><span class='ocrx_word' id='word_1_75' title='bbox 333 1444 412 1492; x_wconf 89' lang='grc' dir='ltr'><strong><em>νων·</em></strong></span> <span class='ocrx_word' id='word_1_76' title='bbox 437 1414 483 1490; x_wconf 82' lang='grc' dir='ltr'><strong><em>ὧν</em></strong></span> <span class='ocrx_word' id='word_1_77' title='bbox 517 1422 554 1490; x_wconf 80' lang='grc' dir='ltr'><strong><em>δὲ</em></strong></span> <span class='ocrx_word' id='word_1_78' title='bbox 576 1418 690 1507; x_wconf 82' lang='grc' dir='ltr'><strong><em>μεῖζάν</em></strong></span> <span class='ocrx_word' id='word_1_79' title='bbox 717 1420 807 1488; x_wconf 78' lang='grc' dir='ltr'><strong><em>ε’στιν</em></strong></span> <span class='ocrx_word' id='word_1_80' title='bbox 834 1418 929 1510; x_wconf 73' lang='grc' dir='ltr'><strong><em>ἔργον</em></strong></span> <span class='ocrx_word' id='word_1_81' title='bbox 953 1418 972 1510; x_wconf 84' lang='grc' dir='ltr'><strong><em>ἠ</em></strong></span> <span class='ocrx_word' id='word_1_82' title='bbox 995 1422 1073 1510; x_wconf 79' lang='grc' dir='ltr'><strong><em>περὶ</em></strong></span> <span class='ocrx_word' id='word_1_83' title='bbox 1097 1418 1156 1510; x_wconf 80' lang='grc' dir='ltr'><strong><em>τήν</em></strong></span> <span class='ocrx_word' id='word_1_84' title='bbox 1179 1419 1295 1487; x_wconf 87' lang='grc' dir='ltr'><strong><em>κακίαν</em></strong></span> <span class='ocrx_word' id='word_1_85' title='bbox 1320 1418 1461 1508; x_wconf 84' lang='grc' dir='ltr'><strong><em>ἰατρεία,</em></strong></span> <span class='ocrx_word' id='word_1_86' title='bbox 1484 1418 1573 1485; x_wconf 84' lang='grc' dir='ltr'><strong><em>τού-</em></strong></span> 
     </span>
     <span class='ocr_line' id='line_1_11' title="bbox 331 1523 1571 1618; baseline -0.005 -19"><span class='ocrx_word' id='word_1_87' title='bbox 331 1557 410 1609; x_wconf 90' lang='grc' dir='ltr'><strong><em>τονς</em></strong></span> <span class='ocrx_word' id='word_1_88' title='bbox 432 1531 516 1618; x_wconf 78' lang='grc' dir='ltr'><strong><em>Δίκῃ</em></strong></span> <span class='ocrx_word' id='word_1_89' title='bbox 549 1525 633 1614; x_wconf 86' lang='grc' dir='ltr'><strong><em>μετὰ</em></strong></span> <span class='ocrx_word' id='word_1_90' title='bbox 666 1524 726 1618; x_wconf 84' lang='grc' dir='ltr'><strong><em>τήν</em></strong></span> <span class='ocrx_word' id='word_1_91' title='bbox 757 1526 910 1617; x_wconf 82' lang='grc' dir='ltr'><strong><em>τελευτήν</em></strong></span> <span class='ocrx_word' id='word_1_92' title='bbox 939 1526 956 1593; x_wconf 87' lang='grc' dir='ltr'>ὁ</span> <span class='ocrx_word' id='word_1_93' title='bbox 990 1527 1121 1613; x_wconf 89' lang='grc' dir='ltr'><strong><em>δαίμων</em></strong></span> <span class='ocrx_word' id='word_1_94' title='bbox 1154 1527 1386 1617; x_wconf 87' lang='grc' dir='ltr'><strong><em>παραδίδωσι’</em></strong></span> <span class='ocrx_word' id='word_1_95' title='bbox 1410 1523 1490 1604; x_wconf 81' lang='grc' dir='ltr'><strong><em>τοὺς</em></strong></span> <span class='ocrx_word' id='word_1_96' title='bbox 1521 1526 1571 1593; x_wconf 75' lang='grc' dir='ltr'><strong><em>δὲ</em></strong></span> 
     </span>
     <span class='ocr_line' id='line_1_12' title="bbox 331 1631 1570 1724; baseline -0.005 -18"><span class='ocrx_word' id='word_1_97' title='bbox 331 1636 475 1723; x_wconf 83' lang='grc' dir='ltr'><strong><em>πάμπαν</em></strong></span> <span class='ocrx_word' id='word_1_98' title='bbox 498 1633 656 1713; x_wconf 88' lang='grc' dir='ltr'><strong><em>άνιάτους</em></strong></span> <span class='ocrx_word' id='word_1_99' title='bbox 677 1632 901 1724; x_wconf 83' lang='grc' dir='ltr'><strong><em>α’πωσαμὲνης</em></strong></span> <span class='ocrx_word' id='word_1_100' title='bbox 916 1638 974 1722; x_wconf 77' lang='grc' dir='ltr'><strong><em>τῆς</em></strong></span> <span class='ocrx_word' id='word_1_101' title='bbox 996 1634 1109 1723; x_wconf 84' lang='grc' dir='ltr'><strong><em>Δίκης,</em></strong></span> <span class='ocrx_word' id='word_1_102' title='bbox 1134 1634 1152 1723; x_wconf 82' lang='grc' dir='ltr'><strong><em>ἠ</em></strong></span> <span class='ocrx_word' id='word_1_103' title='bbox 1175 1635 1270 1723; x_wconf 89' lang='grc' dir='ltr'><strong><em>τρίτη</em></strong></span> <span class='ocrx_word' id='word_1_104' title='bbox 1293 1636 1347 1701; x_wconf 80' lang='grc' dir='ltr'><strong><em>καί</em></strong></span> <span class='ocrx_word' id='word_1_105' title='bbox 1372 1631 1570 1723; x_wconf 74' lang='grc' dir='ltr'><strong><em>ἀγριωτάτη</em></strong></span> 
     </span>
     <span class='ocr_line' id='line_1_13' title="bbox 292 1738 1572 1835; baseline -0.005 -22"><span class='ocrx_word' id='word_1_106' title='bbox 292 1793 296 1797; x_wconf 18' lang='grc' dir='ltr'><strong>Δ</strong></span> <span class='ocrx_word' id='word_1_107' title='bbox 332 1749 399 1813; x_wconf 87' lang='grc' dir='ltr'><strong><em>τῶν</em></strong></span> <span class='ocrx_word' id='word_1_108' title='bbox 433 1742 655 1835; x_wconf 82' lang='grc' dir='ltr'><strong><em>Ἀδραστείας</em></strong></span> <span class='ocrx_word' id='word_1_109' title='bbox 686 1741 875 1831; x_wconf 74' lang='grc' dir='ltr'><strong><em>ὑπουργῶν,</em></strong></span> <span class='ocrx_word' id='word_1_110' title='bbox 908 1738 1043 1830; x_wconf 76' lang='grc' dir='ltr'><strong><em>Ἐριτῶς,</em></strong></span> <span class='ocrx_word' id='word_1_111' title='bbox 1077 1741 1291 1827; x_wconf 67' lang='grc' dir='ltr'><strong><em>μεταθέουσα</em></strong></span> <span class='ocrx_word' id='word_1_112' title='bbox 1325 1740 1572 1825; x_wconf 67' lang='grc' dir='ltr'><strong><em>πλανωμένους</em></strong></span> 
     </span>
     <span class='ocr_line' id='line_1_14' title="bbox 333 1845 1572 1945; baseline -0.005 -26"><span class='ocrx_word' id='word_1_113' title='bbox 333 1855 388 1921; x_wconf 79' lang='grc' dir='ltr'><strong><em>καὶ</em></strong></span> <span class='ocrx_word' id='word_1_114' title='bbox 411 1850 672 1945; x_wconf 76' lang='grc' dir='ltr'><strong><em>περιφεύγοντας</em></strong></span> <span class='ocrx_word' id='word_1_115' title='bbox 695 1847 796 1917; x_wconf 88' lang='grc' dir='ltr'><strong><em>άλλον</em></strong></span> <span class='ocrx_word' id='word_1_116' title='bbox 809 1847 927 1928; x_wconf 85' lang='grc' dir='ltr'><strong><em>άλλως,</em></strong></span> <span class='ocrx_word' id='word_1_117' title='bbox 951 1847 1090 1937; x_wconf 80' lang='grc' dir='ltr'><strong><em>οἰκτρῶς</em></strong></span> <span class='ocrx_word' id='word_1_118' title='bbox 1111 1876 1147 1915; x_wconf 88' lang='grc' dir='ltr'><strong><em>τε</em></strong></span> <span class='ocrx_word' id='word_1_119' title='bbox 1163 1851 1217 1917; x_wconf 84' lang='grc' dir='ltr'><strong><em>καὶ</em></strong></span> <span class='ocrx_word' id='word_1_120' title='bbox 1233 1850 1385 1932; x_wconf 85' lang='grc' dir='ltr'><strong><em>χαλεπῶς</em></strong></span> <span class='ocrx_word' id='word_1_121' title='bbox 1408 1845 1572 1925; x_wconf 82' lang='grc' dir='ltr'><strong><em>ἅπαντας</em></strong></span> 
     </span>
     <span class='ocr_line' id='line_1_15' title="bbox 334 1953 1570 2050; baseline -0.005 -22"><span class='ocrx_word' id='word_1_122' title='bbox 334 1958 477 2050; x_wconf 79' lang='grc' dir='ltr'><strong><em>ἠφάνισε</em></strong></span> <span class='ocrx_word' id='word_1_123' title='bbox 514 1960 570 2026; x_wconf 82' lang='grc' dir='ltr'><strong><em>καὶ</em></strong></span> <span class='ocrx_word' id='word_1_124' title='bbox 602 1957 779 2027; x_wconf 79' lang='grc' dir='ltr'><strong><em>κατέδυσεν</em></strong></span> <span class='ocrx_word' id='word_1_125' title='bbox 807 1955 900 2043; x_wconf 62' lang='grc' dir='ltr'><strong><em>’τείς</em></strong></span> <span class='ocrx_word' id='word_1_126' title='bbox 922 1955 960 2023; x_wconf 88' lang='grc' dir='ltr'><strong><em>τὸ</em></strong></span> <span class='ocrx_word' id='word_1_127' title='bbox 983 1953 1127 2046; x_wconf 84' lang='grc' dir='ltr'><strong><em>άρρητον</em></strong></span> <span class='ocrx_word' id='word_1_128' title='bbox 1154 1958 1208 2023; x_wconf 79' lang='grc' dir='ltr'><strong><em>καὶ</em></strong></span> <span class='ocrx_word' id='word_1_129' title='bbox 1233 1954 1385 2045; x_wconf 87' lang='grc' dir='ltr'><strong><em>άάρατον.</em></strong></span> <span class='ocrx_word' id='word_1_130' title='bbox 1409 1994 1454 2003; x_wconf 90' lang='lat'><em>-</em></span> <span class='ocrx_word' id='word_1_131' title='bbox 1476 1956 1570 2023; x_wconf 74' lang='lat' dir='ltr'><strong>Des-</strong></span> 
     </span>
     <span class='ocr_line' id='line_1_16' title="bbox 331 2063 1570 2151; baseline -0.002 -17"><span class='ocrx_word' id='word_1_132' title='bbox 331 2068 483 2151; x_wconf 81' lang='lat' dir='ltr'><strong>glaiaher</strong></span> <span class='ocrx_word' id='word_1_133' title='bbox 513 2067 568 2134; x_wconf 85' lang='lat' dir='ltr'><strong><em>bei</em></strong></span> <span class='ocrx_word' id='word_1_134' title='bbox 590 2065 769 2145; x_wconf 76' lang='lat' dir='ltr'><strong>Lakianos</strong></span> <span class='ocrx_word' id='word_1_135' title='bbox 801 2084 897 2133; x_wconf 76' lang='grc' dir='ltr'><strong><em>σενα</em></strong></span> <span class='ocrx_word' id='word_1_136' title='bbox 921 2084 959 2131; x_wconf 89' lang='lat' dir='ltr'><strong><em>er</em></strong></span> <span class='ocrx_word' id='word_1_137' title='bbox 982 2065 1059 2132; x_wconf 89' lang='lat' dir='ltr'><strong>dial.</strong></span> <span class='ocrx_word' id='word_1_138' title='bbox 1089 2073 1221 2133; x_wconf 87' lang='lat' dir='ltr'><strong>meretr.</strong></span> <span class='ocrx_word' id='word_1_139' title='bbox 1249 2065 1299 2147; x_wconf 82' lang='lat'><strong><em>12,</em></strong></span> <span class='ocrx_word' id='word_1_140' title='bbox 1324 2065 1344 2129; x_wconf 81' lang='lat'><strong>2</strong></span> <span class='ocrx_word' id='word_1_141' title='bbox 1368 2065 1423 2129; x_wconf 85' lang='lat' dir='ltr'><strong><em>die</em></strong></span> <span class='ocrx_word' id='word_1_142' title='bbox 1447 2063 1570 2131; x_wconf 85' lang='lat' dir='ltr'><strong>Strafe</strong></span> 
     </span>
     <span class='ocr_line' id='line_1_17' title="bbox 332 2171 1569 2258; baseline -0.003 -17"><span class='ocrx_word' id='word_1_143' title='bbox 332 2176 391 2242; x_wconf 83' lang='lat' dir='ltr'><strong>der·</strong></span> <span class='ocrx_word' id='word_1_144' title='bbox 413 2174 595 2243; x_wconf 78' lang='lat' dir='ltr'><strong>Adrasteia</strong></span> <span class='ocrx_word' id='word_1_145' title='bbox 623 2174 828 2258; x_wconf 81' lang='lat' dir='ltr'><strong>demjenigen</strong></span> <span class='ocrx_word' id='word_1_146' title='bbox 852 2173 887 2239; x_wconf 87' lang='lat' dir='ltr'><strong><em>in</em></strong></span> <span class='ocrx_word' id='word_1_147' title='bbox 910 2172 1069 2239; x_wconf 82' lang='lat' dir='ltr'><strong>Aussicht</strong></span> <span class='ocrx_word' id='word_1_148' title='bbox 1092 2174 1195 2252; x_wconf 88' lang='lat' dir='ltr'><strong>stelit,</strong></span> <span class='ocrx_word' id='word_1_149' title='bbox 1220 2173 1279 2238; x_wconf 89' lang='lat' dir='ltr'><strong><em>der</em></strong></span> <span class='ocrx_word' id='word_1_150' title='bbox 1294 2174 1373 2239; x_wconf 85' lang='lat' dir='ltr'><strong>taub</strong></span> <span class='ocrx_word' id='word_1_151' title='bbox 1390 2171 1437 2237; x_wconf 90' lang='lat' dir='ltr'><strong>ist</strong></span> <span class='ocrx_word' id='word_1_152' title='bbox 1452 2190 1569 2255; x_wconf 84' lang='lat' dir='ltr'><strong>gagen</strong></span> 
     </span>
     <span class='ocr_line' id='line_1_18' title="bbox 332 2273 1570 2368; baseline -0.003 -19"><span class='ocrx_word' id='word_1_153' title='bbox 332 2282 385 2349; x_wconf 89' lang='lat' dir='ltr'><strong><em>die</em></strong></span> <span class='ocrx_word' id='word_1_154' title='bbox 412 2282 531 2350; x_wconf 88' lang='lat' dir='ltr'><strong>Liebe:</strong></span> <span class='ocrx_word' id='word_1_155' title='bbox 563 2286 669 2348; x_wconf 85' lang='grc' dir='ltr'><strong><em>ταῦτα</em></strong></span> <span class='ocrx_word' id='word_1_156' title='bbox 692 2273 750 2347; x_wconf 80' lang='grc' dir='ltr'><strong><em>οὖν</em></strong></span> <span class='ocrx_word' id='word_1_157' title='bbox 772 2279 863 2354; x_wconf 90' lang='grc' dir='ltr'><strong><em>τίνος</em></strong></span> <span class='ocrx_word' id='word_1_158' title='bbox 886 2278 993 2347; x_wconf 83' lang='grc' dir='ltr'><strong><em>εἵνεκα</em></strong></span> <span class='ocrx_word' id='word_1_159' title='bbox 1020 2285 1145 2358; x_wconf 90' lang='grc' dir='ltr'><strong><em>ποιεῖς,·</em></strong></span> <span class='ocrx_word' id='word_1_160' title='bbox 1174 2278 1207 2346; x_wconf 90' lang='grc' dir='ltr'><strong><em>τί</em></strong></span> <span class='ocrx_word' id='word_1_161' title='bbox 1240 2302 1277 2348; x_wconf 89' lang='grc' dir='ltr'><strong><em>σε</em></strong></span> <span class='ocrx_word' id='word_1_162' title='bbox 1309 2274 1435 2368; x_wconf 79' lang='grc' dir='ltr'><strong><em>ἢμὲγα</em></strong></span> <span class='ocrx_word' id='word_1_163' title='bbox 1459 2275 1479 2366; x_wconf 74' lang='grc' dir='ltr'><em>ἢ</em></span> <span class='ocrx_word' id='word_1_164' title='bbox 1503 2304 1570 2361; x_wconf 78' lang='grc' dir='ltr'><strong><em>με·</em></strong></span> 
     </span>
     <span class='ocr_line' id='line_1_19' title="bbox 331 2379 1571 2479; baseline -0.004 -24"><span class='ocrx_word' id='word_1_165' title='bbox 331 2386 409 2479; x_wconf 87' lang='grc' dir='ltr'><strong><em>κρδν</em></strong></span> <span class='ocrx_word' id='word_1_166' title='bbox 432 2386 572 2478; x_wconf 75' lang='grc' dir='ltr'><strong><em>ἠδίκησα</em></strong></span> <span class='ocrx_word' id='word_1_167' title='bbox 595 2385 615 2478; x_wconf 78' lang='grc' dir='ltr'><strong><em>ἢ</em></strong></span> <span class='ocrx_word' id='word_1_168' title='bbox 638 2386 787 2477; x_wconf 77' lang='grc' dir='ltr'><strong><em>ἐλύπησα</em></strong></span> <span class='ocrx_word' id='word_1_169' title='bbox 811 2384 892 2472; x_wconf 72' lang='grc' dir='ltr'><strong><em>ε’γῶς</em></strong></span> <span class='ocrx_word' id='word_1_170' title='bbox 923 2386 999 2453; x_wconf 89' lang='grc' dir='ltr'><strong><em>τίνα</em></strong></span> <span class='ocrx_word' id='word_1_171' title='bbox 1016 2385 1127 2479; x_wconf 77' lang='grc' dir='ltr'><strong><em>ἕτερον</em></strong></span> <span class='ocrx_word' id='word_1_172' title='bbox 1149 2379 1256 2463; x_wconf 85' lang='grc' dir='ltr'><strong><em>είδον,·</em></strong></span> <span class='ocrx_word' id='word_1_173' title='bbox 1279 2382 1318 2452; x_wconf 83' lang='grc' dir='ltr'><strong><em>οδ</em></strong></span> <span class='ocrx_word' id='word_1_174' title='bbox 1344 2381 1431 2474; x_wconf 83' lang='grc' dir='ltr'><strong><em>πρὸς</em></strong></span> <span class='ocrx_word' id='word_1_175' title='bbox 1458 2383 1571 2469; x_wconf 86' lang='grc' dir='ltr'><strong><em>μόνον</em></strong></span> 
     </span>
     <span class='ocr_line' id='line_1_20' title="bbox 331 2487 1568 2581; baseline -0.005 -18"><span class='ocrx_word' id='word_1_176' title='bbox 331 2494 369 2563; x_wconf 86' lang='grc' dir='ltr'><strong><em>σὲ</em></strong></span> <span class='ocrx_word' id='word_1_177' title='bbox 392 2496 439 2578; x_wconf 88' lang='grc' dir='ltr'><strong><em>ζῶ</em></strong></span> <span class='ocrx_word' id='word_1_178' title='bbox 446 2521 456 2574; x_wconf 92' lang='grc'><strong><em>,·</em></strong></span> <span class='ocrx_word' id='word_1_179' title='bbox 490 2493 529 2563; x_wconf 80' lang='grc' dir='ltr'><strong><em>οὐ</em></strong></span> <span class='ocrx_word' id='word_1_180' title='bbox 562 2494 656 2581; x_wconf 83' lang='grc' dir='ltr'><strong><em>μέγα,</em></strong></span> <span class='ocrx_word' id='word_1_181' title='bbox 679 2487 707 2561; x_wconf 80' lang='grc' dir='ltr'><em>ὦ</em></span> <span class='ocrx_word' id='word_1_182' title='bbox 728 2494 852 2575; x_wconf 88' lang='grc' dir='ltr'><strong><em>Λυσία,</em></strong></span> <span class='ocrx_word' id='word_1_183' title='bbox 880 2498 978 2561; x_wconf 81' lang='grc' dir='ltr'><strong><em>τοῦτο</em></strong></span> <span class='ocrx_word' id='word_1_184' title='bbox 1005 2500 1115 2572; x_wconf 89' lang='grc' dir='ltr'><strong><em>ποιεῖς</em></strong></span> <span class='ocrx_word' id='word_1_185' title='bbox 1136 2490 1269 2580; x_wconf 85' lang='grc' dir='ltr'><strong><em>γάνοιον</em></strong></span> <span class='ocrx_word' id='word_1_186' title='bbox 1298 2490 1419 2561; x_wconf 69' lang='lat' dir='ltr'><strong>datos</strong></span> <span class='ocrx_word' id='word_1_187' title='bbox 1442 2488 1568 2559; x_wconf 83' lang='grc' dir='ltr'><strong><em>λυπῶν</em></strong></span> 
     </span>
     <span class='ocr_line' id='line_1_21' title="bbox 330 2598 1567 2693; baseline -0.002 -23"><span class='ocrx_word' id='word_1_188' title='bbox 330 2603 476 2693; x_wconf 85' lang='grc' dir='ltr'><strong><em>μεμηνὸς</em></strong></span> <span class='ocrx_word' id='word_1_189' title='bbox 510 2603 567 2671; x_wconf 81' lang='grc' dir='ltr'><strong><em>ε’πὶ</em></strong></span> <span class='ocrx_word' id='word_1_190' title='bbox 596 2603 669 2682; x_wconf 65' lang='lat' dir='ltr'><strong>croi:</strong></span> <span class='ocrx_word' id='word_1_191' title='bbox 701 2601 772 2671; x_wconf 85' lang='grc' dir='ltr'><strong><em>ε”οτι</em></strong></span> <span class='ocrx_word' id='word_1_192' title='bbox 804 2628 856 2680; x_wconf 89' lang='grc' dir='ltr'><strong><em>τις</em></strong></span> <span class='ocrx_word' id='word_1_193' title='bbox 889 2601 971 2681; x_wconf 74' lang='grc' dir='ltr'><strong><em>θεὸς</em></strong></span> <span class='ocrx_word' id='word_1_194' title='bbox 995 2602 1014 2691; x_wconf 84' lang='grc' dir='ltr'><strong><em>ἠ</em></strong></span> <span class='ocrx_word' id='word_1_195' title='bbox 1036 2599 1240 2692; x_wconf 85' lang='grc' dir='ltr'><strong><em>Ἀδράστεια</em></strong></span> <span class='ocrx_word' id='word_1_196' title='bbox 1274 2603 1329 2668; x_wconf 89' lang='grc' dir='ltr'><strong><em>καὶ</em></strong></span> <span class='ocrx_word' id='word_1_197' title='bbox 1352 2598 1394 2668; x_wconf 88' lang='grc' dir='ltr'><strong><em>τά</em></strong></span> <span class='ocrx_word' id='word_1_198' title='bbox 1417 2605 1567 2668; x_wconf 82' lang='grc' dir='ltr'><strong><em>τοιαῦτα</em></strong></span> 
     </span>
     <span class='ocr_line' id='line_1_22' title="bbox 331 2708 1567 2798; baseline -0.001 -21"><span class='ocrx_word' id='word_1_199' title='bbox 331 2708 403 2798; x_wconf 81' lang='grc' dir='ltr'><strong><em>ὁρᾷ.</em></strong></span> <span class='ocrx_word' id='word_1_200' title='bbox 464 2711 553 2778; x_wconf 86' lang='lat' dir='ltr'><strong>Oder</strong></span> <span class='ocrx_word' id='word_1_201' title='bbox 590 2729 687 2778; x_wconf 77' lang='grc' dir='ltr'><strong><em>πετο</em></strong></span> <span class='ocrx_word' id='word_1_202' title='bbox 716 2711 865 2778; x_wconf 84' lang='lat' dir='ltr'><strong>darselbe</strong></span> <span class='ocrx_word' id='word_1_203' title='bbox 904 2711 998 2794; x_wconf 86' lang='lat' dir='ltr'>Apol.</span> <span class='ocrx_word' id='word_1_204' title='bbox 1031 2713 1053 2778; x_wconf 88' lang='grc'><strong>6</strong></span> <span class='ocrx_word' id='word_1_205' title='bbox 1090 2712 1142 2779; x_wconf 80' lang='grc' dir='ltr'><strong><em>δίε</em></strong></span> <span class='ocrx_word' id='word_1_206' title='bbox 1173 2710 1353 2778; x_wconf 75' lang='lat' dir='ltr'><strong>Adrasteia</strong></span> <span class='ocrx_word' id='word_1_207' title='bbox 1393 2708 1444 2775; x_wconf 90' lang='lat' dir='ltr'><strong><em>als</em></strong></span> <span class='ocrx_word' id='word_1_208' title='bbox 1484 2709 1567 2776; x_wconf 85' lang='lat' dir='ltr'><strong>eine</strong></span> 
     </span>
     <span class='ocr_line' id='line_1_23' title="bbox 330 2817 1567 2903; baseline -0.004 -17"><span class='ocrx_word' id='word_1_209' title='bbox 330 2817 569 2886; x_wconf 80' lang='lat' dir='ltr'><strong>schadaafrohe</strong></span> <span class='ocrx_word' id='word_1_210' title='bbox 599 2817 717 2885; x_wconf 80' lang='lat' dir='ltr'><strong>Gdttin</strong></span> <span class='ocrx_word' id='word_1_211' title='bbox 744 2817 907 2903; x_wconf 73' lang='lat' dir='ltr'><strong>musteus,</strong></span> <span class='ocrx_word' id='word_1_212' title='bbox 936 2818 990 2886; x_wconf 85' lang='lat' dir='ltr'><strong><em>die</em></strong></span> <span class='ocrx_word' id='word_1_213' title='bbox 1020 2817 1173 2886; x_wconf 86' lang='lat' dir='ltr'><strong>Gleiches</strong></span> <span class='ocrx_word' id='word_1_214' title='bbox 1202 2819 1263 2885; x_wconf 90' lang='lat' dir='ltr'><strong><em>mit</em></strong></span> <span class='ocrx_word' id='word_1_215' title='bbox 1286 2817 1455 2884; x_wconf 86' lang='lat' dir='ltr'><strong>Gleiehem</strong></span> <span class='ocrx_word' id='word_1_216' title='bbox 1483 2834 1567 2882; x_wconf 84' lang='lat' dir='ltr'><strong>ver·</strong></span> 
     </span>
     <span class='ocr_line' id='line_1_24' title="bbox 330 2919 1565 3014; baseline -0.002 -23"><span class='ocrx_word' id='word_1_217' title='bbox 330 2925 409 3010; x_wconf 74' lang='lat' dir='ltr'><strong>gili:</strong></span> <span class='ocrx_word' id='word_1_218' title='bbox 437 2925 494 2992; x_wconf 83' lang='grc' dir='ltr'><strong><em>καὶ</em></strong></span> <span class='ocrx_word' id='word_1_219' title='bbox 517 2923 611 3010; x_wconf 77' lang='grc' dir='ltr'><strong><em>ἐῴκει</em></strong></span> <span class='ocrx_word' id='word_1_220' title='bbox 633 2922 653 3013; x_wconf 87' lang='grc' dir='ltr'><strong><em>ἠ</em></strong></span> <span class='ocrx_word' id='word_1_221' title='bbox 675 2921 879 3014; x_wconf 83' lang='grc' dir='ltr'><strong><em>Ἀδράστεια</em></strong></span> <span class='ocrx_word' id='word_1_222' title='bbox 901 2922 976 2992; x_wconf 85' lang='grc' dir='ltr'><strong><em>τότε</em></strong></span> <span class='ocrx_word' id='word_1_223' title='bbox 998 2921 1138 2991; x_wconf 82' lang='grc' dir='ltr'><strong><em>κατόπιν</em></strong></span> <span class='ocrx_word' id='word_1_224' title='bbox 1154 2921 1327 3014; x_wconf 77' lang='grc' dir='ltr'><strong><em>ἐφεστῶσά</em></strong></span> <span class='ocrx_word' id='word_1_225' title='bbox 1352 2947 1405 2992; x_wconf 88' lang='grc' dir='ltr'><strong><em>σοι</em></strong></span> <span class='ocrx_word' id='word_1_226' title='bbox 1428 2919 1565 2989; x_wconf 80' lang='grc' dir='ltr'><strong><em>εὐδοκι-</em></strong></span> 
     </span>
     <span class='ocr_line' id='line_1_25' title="bbox 330 3023 1566 3124; baseline -0.002 -26"><span class='ocrx_word' id='word_1_227' title='bbox 330 3035 448 3116; x_wconf 86' lang='grc' dir='ltr'><strong><em>μοῦντι</em></strong></span> <span class='ocrx_word' id='word_1_228' title='bbox 486 3029 544 3121; x_wconf 72' lang='grc' dir='ltr'><strong><em>ἐφ’</em></strong></span> <span class='ocrx_word' id='word_1_229' title='bbox 577 3023 628 3108; x_wconf 90' lang='grc' dir='ltr'><strong><em>οἷς</em></strong></span> <span class='ocrx_word' id='word_1_230' title='bbox 664 3029 856 3124; x_wconf 85' lang='grc' dir='ltr'><strong><em>κατηγόρεις</em></strong></span> <span class='ocrx_word' id='word_1_231' title='bbox 887 3035 953 3098; x_wconf 89' lang='grc' dir='ltr'><strong><em>τῶν</em></strong></span> <span class='ocrx_word' id='word_1_232' title='bbox 987 3027 1105 3110; x_wconf 77' lang='grc' dir='ltr'><strong><em>ἄλλων,</em></strong></span> <span class='ocrx_word' id='word_1_233' title='bbox 1128 3033 1318 3117; x_wconf 87' lang='grc' dir='ltr'><strong><em>καταγελᾶν,</em></strong></span> <span class='ocrx_word' id='word_1_234' title='bbox 1342 3029 1388 3109; x_wconf 85' lang='grc' dir='ltr'><strong><em>ῶς</em></strong></span> <span class='ocrx_word' id='word_1_235' title='bbox 1410 3027 1452 3096; x_wconf 87' lang='grc' dir='ltr'><strong><em>άν</em></strong></span> <span class='ocrx_word' id='word_1_236' title='bbox 1475 3027 1566 3108; x_wconf 69' lang='grc' dir='ltr'><strong><em>θεὸς</em></strong></span> 
     </span>
     <span class='ocr_line' id='line_1_26' title="bbox 330 3134 1566 3230; baseline -0.002 -24"><span class='ocrx_word' id='word_1_237' title='bbox 330 3137 441 3206; x_wconf 81' lang='grc' dir='ltr'><strong><em>εἰδυῖα</em></strong></span> <span class='ocrx_word' id='word_1_238' title='bbox 469 3138 530 3228; x_wconf 81' lang='grc' dir='ltr'><strong><em>τήν</em></strong></span> <span class='ocrx_word' id='word_1_239' title='bbox 560 3136 745 3223; x_wconf 82' lang='grc' dir='ltr'><strong><em>μέλλουσάν</em></strong></span> <span class='ocrx_word' id='word_1_240' title='bbox 773 3163 834 3208; x_wconf 87' lang='grc' dir='ltr'><strong><em>σου</em></strong></span> <span class='ocrx_word' id='word_1_241' title='bbox 864 3137 899 3216; x_wconf 80' lang='grc' dir='ltr'><strong><em>ἐς</em></strong></span> <span class='ocrx_word' id='word_1_242' title='bbox 927 3134 969 3206; x_wconf 90' lang='grc' dir='ltr'><strong><em>τά</em></strong></span> <span class='ocrx_word' id='word_1_243' title='bbox 1002 3136 1102 3223; x_wconf 82' lang='grc' dir='ltr'><strong><em>ὅμοια</em></strong></span> <span class='ocrx_word' id='word_1_244' title='bbox 1131 3137 1316 3230; x_wconf 69' lang='grc' dir='ltr'><strong><em>μεταβολὴν</em></strong></span> <span class='ocrx_word' id='word_1_245' title='bbox 1343 3139 1399 3205; x_wconf 82' lang='grc' dir='ltr'><strong><em>καί</em></strong></span> <span class='ocrx_word' id='word_1_246' title='bbox 1423 3135 1476 3204; x_wconf 81' lang='grc' dir='ltr'><strong><em>ὅτι</em></strong></span> <span class='ocrx_word' id='word_1_247' title='bbox 1500 3135 1566 3204; x_wconf 76' lang='grc' dir='ltr'><strong><em>οὐκ</em></strong></span> 
     </span>
     <span class='ocr_line' id='line_1_27' title="bbox 330 3242 1566 3339; baseline 0.002 -29"><span class='ocrx_word' id='word_1_248' title='bbox 330 3242 380 3322; x_wconf 84' lang='grc' dir='ltr'><strong><em>εἰς</em></strong></span> <span class='ocrx_word' id='word_1_249' title='bbox 401 3242 458 3312; x_wconf 85' lang='grc' dir='ltr'><strong><em>τὸν</em></strong></span> <span class='ocrx_word' id='word_1_250' title='bbox 480 3243 602 3312; x_wconf 89' lang='grc' dir='ltr'><strong><em>κάλπον</em></strong></span> <span class='ocrx_word' id='word_1_251' title='bbox 624 3244 754 3325; x_wconf 79' lang='grc' dir='ltr'><strong><em>πτύσας</em></strong></span> <span class='ocrx_word' id='word_1_252' title='bbox 774 3244 938 3336; x_wconf 75' lang='grc' dir='ltr'><strong><em>πρότερον</em></strong></span> <span class='ocrx_word' id='word_1_253' title='bbox 962 3244 1074 3335; x_wconf 82' lang='grc' dir='ltr'><strong><em>ἠξίους</em></strong></span> <span class='ocrx_word' id='word_1_254' title='bbox 1096 3252 1287 3339; x_wconf 85' lang='grc' dir='ltr'><strong><em>κατηγορεῖν</em></strong></span> <span class='ocrx_word' id='word_1_255' title='bbox 1310 3249 1376 3314; x_wconf 90' lang='grc' dir='ltr'><strong><em>τῶν</em></strong></span> <span class='ocrx_word' id='word_1_256' title='bbox 1399 3242 1457 3313; x_wconf 88' lang='grc' dir='ltr'><strong><em>διά</em></strong></span> <span class='ocrx_word' id='word_1_257' title='bbox 1481 3269 1566 3312; x_wconf 87' lang='grc' dir='ltr'><strong><em>ποι-</em></strong></span> 
     </span>
     <span class='ocr_line' id='line_1_28' title="bbox 330 3349 1563 3441; baseline 0.002 -24"><span class='ocrx_word' id='word_1_258' title='bbox 330 3351 425 3430; x_wconf 77' lang='grc' dir='ltr'><strong><em>τίλας</em></strong></span> <span class='ocrx_word' id='word_1_259' title='bbox 453 3349 548 3430; x_wconf 86' lang='grc' dir='ltr'><strong><em>τινάς</em></strong></span> <span class='ocrx_word' id='word_1_260' title='bbox 576 3351 679 3434; x_wconf 85' lang='grc' dir='ltr'><strong><em>τάχος</em></strong></span> <span class='ocrx_word' id='word_1_261' title='bbox 706 3357 845 3420; x_wconf 81' lang='grc' dir='ltr'><strong><em>τοιαῦτα</em></strong></span> <span class='ocrx_word' id='word_1_262' title='bbox 874 3349 1034 3441; x_wconf 89' lang='grc' dir='ltr'><strong><em>πράττειν</em></strong></span> <span class='ocrx_word' id='word_1_263' title='bbox 1065 3351 1307 3438; x_wconf 82' lang='grc' dir='ltr'><strong><em>ὑπομενόντων.</em></strong></span> <span class='ocrx_word' id='word_1_264' title='bbox 1360 3355 1430 3421; x_wconf 83' lang='lat' dir='ltr'><strong><em>Nur</em></strong></span> <span class='ocrx_word' id='word_1_265' title='bbox 1459 3373 1563 3420; x_wconf 81' lang='lat' dir='ltr'><strong>wenn</strong></span> 
     </span>
     <span class='ocr_line' id='line_1_29' title="bbox 329 3459 1560 3546; baseline -0.001 -19"><span class='ocrx_word' id='word_1_266' title='bbox 329 3459 509 3528; x_wconf 76' lang='lat' dir='ltr'><strong>Adrasteia</strong></span> <span class='ocrx_word' id='word_1_267' title='bbox 539 3460 590 3528; x_wconf 86' lang='lat' dir='ltr'><strong><em>als</em></strong></span> <span class='ocrx_word' id='word_1_268' title='bbox 619 3461 788 3528; x_wconf 75' lang='lat' dir='ltr'><strong>stradende</strong></span> <span class='ocrx_word' id='word_1_269' title='bbox 818 3460 935 3528; x_wconf 79' lang='lat' dir='ltr'><strong>Gtttin</strong></span> <span class='ocrx_word' id='word_1_270' title='bbox 967 3459 1095 3546; x_wconf 82' lang='lat' dir='ltr'><strong>gefasst</strong></span> <span class='ocrx_word' id='word_1_271' title='bbox 1123 3461 1177 3544; x_wconf 90' lang='lat' dir='ltr'><strong>ist,</strong></span> <span class='ocrx_word' id='word_1_272' title='bbox 1208 3461 1253 3528; x_wconf 91' lang='lat' dir='ltr'><strong>ist</strong></span> <span class='ocrx_word' id='word_1_273' title='bbox 1281 3461 1335 3528; x_wconf 88' lang='lat' dir='ltr'><strong><em>die</em></strong></span> <span class='ocrx_word' id='word_1_274' title='bbox 1365 3461 1560 3528; x_wconf 86' lang='lat' dir='ltr'><strong>Redensart</strong></span> 
     </span>
     <span class='ocr_line' id='line_1_30' title="bbox 330 3562 1564 3656; baseline 0.002 -24"><span class='ocrx_word' id='word_1_275' title='bbox 330 3562 433 3655; x_wconf 83' lang='grc' dir='ltr'><strong><em>α’πείη</em></strong></span> <span class='ocrx_word' id='word_1_276' title='bbox 466 3565 503 3634; x_wconf 84' lang='grc' dir='ltr'><strong><em>δὲ</em></strong></span> <span class='ocrx_word' id='word_1_277' title='bbox 526 3563 546 3654; x_wconf 78' lang='grc' dir='ltr'><em>ἡ</em></span> <span class='ocrx_word' id='word_1_278' title='bbox 568 3563 764 3656; x_wconf 81' lang='grc' dir='ltr'><strong><em>Ἀδράστεια</em></strong></span> <span class='ocrx_word' id='word_1_279' title='bbox 795 3567 979 3653; x_wconf 81' lang='lat' dir='ltr'><strong>(Lakianas</strong></span> <span class='ocrx_word' id='word_1_280' title='bbox 1008 3587 1101 3637; x_wconf 80' lang='lat' dir='ltr'><strong>conv.</strong></span> <span class='ocrx_word' id='word_1_281' title='bbox 1126 3569 1182 3655; x_wconf 83' lang='lat'><strong><em>23)</em></strong></span> <span class='ocrx_word' id='word_1_282' title='bbox 1206 3569 1395 3636; x_wconf 78' lang='lat' dir='ltr'><strong>erkltrlieh.</strong></span> <span class='ocrx_word' id='word_1_283' title='bbox 1420 3604 1464 3614; x_wconf 97' lang='lat'>—</span> <span class='ocrx_word' id='word_1_284' title='bbox 1486 3566 1564 3634; x_wconf 87' lang='lat' dir='ltr'><strong><em>Das</em></strong></span> 
     </span>
     <span class='ocr_line' id='line_1_31' title="bbox 331 3672 1563 3761; baseline 0.002 -21"><span class='ocrx_word' id='word_1_285' title='bbox 331 3672 471 3741; x_wconf 83' lang='lat' dir='ltr'><strong>Wirken</strong></span> <span class='ocrx_word' id='word_1_286' title='bbox 495 3673 555 3740; x_wconf 85' lang='lat' dir='ltr'><strong>dar</strong></span> <span class='ocrx_word' id='word_1_287' title='bbox 578 3673 726 3741; x_wconf 81' lang='lat' dir='ltr'><strong>Nemesis</strong></span> <span class='ocrx_word' id='word_1_288' title='bbox 760 3675 928 3742; x_wconf 79' lang='lat' dir='ltr'><strong>schwebte</strong></span> <span class='ocrx_word' id='word_1_289' title='bbox 957 3674 1067 3742; x_wconf 81' lang='lat' dir='ltr'><strong>famer</strong></span> <span class='ocrx_word' id='word_1_290' title='bbox 1092 3675 1298 3761; x_wconf 85' lang='lat' dir='ltr'><strong>demjenigen</strong></span> <span class='ocrx_word' id='word_1_291' title='bbox 1322 3695 1391 3761; x_wconf 85' lang='lat' dir='ltr'><strong>vor,</strong></span> <span class='ocrx_word' id='word_1_292' title='bbox 1416 3675 1476 3740; x_wconf 87' lang='lat' dir='ltr'><strong><em>der</em></strong></span> <span class='ocrx_word' id='word_1_293' title='bbox 1499 3694 1563 3742; x_wconf 86' lang='lat' dir='ltr'><strong><em>zu-</em></strong></span> 
     </span>
     <span class='ocr_line' id='line_1_32' title="bbox 331 3780 1565 3867; baseline 0.002 -21"><span class='ocrx_word' id='word_1_294' title='bbox 331 3785 403 3847; x_wconf 89' lang='lat' dir='ltr'><strong>erst</strong></span> <span class='ocrx_word' id='word_1_295' title='bbox 425 3780 478 3848; x_wconf 91' lang='lat' dir='ltr'><strong><em>die</em></strong></span> <span class='ocrx_word' id='word_1_296' title='bbox 501 3780 590 3865; x_wconf 83' lang='lat' dir='ltr'><strong>Saga</strong></span> <span class='ocrx_word' id='word_1_297' title='bbox 613 3797 677 3848; x_wconf 89' lang='lat' dir='ltr'><strong><em>von</em></strong></span> <span class='ocrx_word' id='word_1_298' title='bbox 712 3781 784 3848; x_wconf 89' lang='lat' dir='ltr'><strong><em>dem</em></strong></span> <span class='ocrx_word' id='word_1_299' title='bbox 809 3781 980 3849; x_wconf 83' lang='lat' dir='ltr'><strong>Sehiaksal</strong></span> <span class='ocrx_word' id='word_1_300' title='bbox 1015 3783 1073 3850; x_wconf 89' lang='lat' dir='ltr'><strong>des</strong></span> <span class='ocrx_word' id='word_1_301' title='bbox 1107 3783 1269 3867; x_wconf 81' lang='lat' dir='ltr'><strong>Argivers</strong></span> <span class='ocrx_word' id='word_1_302' title='bbox 1300 3785 1464 3850; x_wconf 83' lang='lat' dir='ltr'><strong>Adrastos</strong></span> <span class='ocrx_word' id='word_1_303' title='bbox 1495 3783 1565 3849; x_wconf 86' lang='lat' dir='ltr'><strong><em>mit</em></strong></span> 
     </span>
     <span class='ocr_line' id='line_1_33' title="bbox 330 3887 1563 3977; baseline 0.001 -22"><span class='ocrx_word' id='word_1_304' title='bbox 330 3889 390 3957; x_wconf 85' lang='lat' dir='ltr'><strong><em>der</em></strong></span> <span class='ocrx_word' id='word_1_305' title='bbox 413 3887 531 3956; x_wconf 79' lang='lat' dir='ltr'><strong>Gtttin</strong></span> <span class='ocrx_word' id='word_1_306' title='bbox 554 3889 735 3956; x_wconf 81' lang='lat' dir='ltr'><strong>Adrasteia</strong></span> <span class='ocrx_word' id='word_1_307' title='bbox 757 3888 958 3977; x_wconf 84' lang='lat' dir='ltr'><strong>verdecht.¹)</strong></span> <span class='ocrx_word' id='word_1_308' title='bbox 1004 3889 1067 3956; x_wconf 90' lang='lat' dir='ltr'><strong><em>Die</em></strong></span> <span class='ocrx_word' id='word_1_309' title='bbox 1091 3890 1344 3958; x_wconf 82' lang='lat' dir='ltr'><strong>Adrastosfabel</strong></span> <span class='ocrx_word' id='word_1_310' title='bbox 1377 3891 1439 3958; x_wconf 86' lang='lat' dir='ltr'><strong>soll</strong></span> <span class='ocrx_word' id='word_1_311' title='bbox 1467 3889 1563 3958; x_wconf 87' lang='lat' dir='ltr'><strong>hier-</strong></span> 
     </span>
     <span class='ocr_line' id='line_1_34' title="bbox 329 3995 1562 4080; baseline 0.002 -17"><span class='ocrx_word' id='word_1_312' title='bbox 329 3995 417 4063; x_wconf 78' lang='lat' dir='ltr'><strong>nath</strong></span> <span class='ocrx_word' id='word_1_313' title='bbox 440 3996 491 4062; x_wconf 86' lang='lat' dir='ltr'><strong><em>als</em></strong></span> <span class='ocrx_word' id='word_1_314' title='bbox 514 3995 661 4078; x_wconf 83' lang='lat' dir='ltr'><strong>Beispial</strong></span> <span class='ocrx_word' id='word_1_315' title='bbox 684 3995 787 4063; x_wconf 72' lang='grc' dir='ltr'><strong><em>δαΐαν</em></strong></span> <span class='ocrx_word' id='word_1_316' title='bbox 802 3995 931 4080; x_wconf 61' lang='lat' dir='ltr'><strong>dieses</strong></span> <span class='ocrx_word' id='word_1_317' title='bbox 961 3998 1039 4064; x_wconf 89' lang='lat' dir='ltr'><strong>dass</strong></span> <span class='ocrx_word' id='word_1_318' title='bbox 1055 3998 1237 4064; x_wconf 84' lang='lat' dir='ltr'><strong>Adrasteia</strong></span> <span class='ocrx_word' id='word_1_319' title='bbox 1259 3997 1312 4066; x_wconf 89' lang='lat' dir='ltr'><strong><em>die</em></strong></span> <span class='ocrx_word' id='word_1_320' title='bbox 1336 3997 1562 4066; x_wconf 79' lang='lat' dir='ltr'><strong>Gltekliehen</strong></span> 
     </span>
     <span class='ocr_line' id='line_1_35' title="bbox 329 4102 1564 4186; baseline 0.002 -16"><span class='ocrx_word' id='word_1_321' title='bbox 329 4107 438 4170; x_wconf 71' lang='lat' dir='ltr'><strong>sttrst</strong></span> <span class='ocrx_word' id='word_1_322' title='bbox 458 4103 527 4170; x_wconf 88' lang='lat' dir='ltr'><strong><em>und</em></strong></span> <span class='ocrx_word' id='word_1_323' title='bbox 549 4102 602 4170; x_wconf 87' lang='lat' dir='ltr'><strong><em>die</em></strong></span> <span class='ocrx_word' id='word_1_324' title='bbox 625 4103 889 4186; x_wconf 83' lang='lat' dir='ltr'><strong>Ungltckliehen</strong></span> <span class='ocrx_word' id='word_1_325' title='bbox 904 4104 1028 4172; x_wconf 85' lang='lat' dir='ltr'><strong>wieder</strong></span> <span class='ocrx_word' id='word_1_326' title='bbox 1051 4105 1239 4174; x_wconf 82' lang='lat' dir='ltr'><strong>aufrishtet.</strong></span> <span class='ocrx_word' id='word_1_327' title='bbox 1266 4143 1307 4154; x_wconf 84' lang='lat'><strong>-</strong></span> <span class='ocrx_word' id='word_1_328' title='bbox 1331 4105 1490 4174; x_wconf 84' lang='lat' dir='ltr'><strong>Deutlich</strong></span> <span class='ocrx_word' id='word_1_329' title='bbox 1508 4105 1564 4173; x_wconf 86' lang='lat' dir='ltr'><strong><em>als</em></strong></span> 
     </span>
     <span class='ocr_line' id='line_1_36' title="bbox 329 4209 1563 4296; baseline 0.002 -18"><span class='ocrx_word' id='word_1_330' title='bbox 329 4209 496 4278; x_wconf 77' lang='lat' dir='ltr'><strong>Rteherin</strong></span> <span class='ocrx_word' id='word_1_331' title='bbox 520 4211 579 4278; x_wconf 86' lang='lat' dir='ltr'><strong>dar</strong></span> <span class='ocrx_word' id='word_1_332' title='bbox 602 4209 729 4294; x_wconf 89' lang='lat' dir='ltr'><strong>Hybris</strong></span> <span class='ocrx_word' id='word_1_333' title='bbox 752 4211 798 4278; x_wconf 90' lang='lat' dir='ltr'><strong>ist</strong></span> <span class='ocrx_word' id='word_1_334' title='bbox 821 4211 1002 4280; x_wconf 85' lang='lat' dir='ltr'><strong>Adrasteia</strong></span> <span class='ocrx_word' id='word_1_335' title='bbox 1024 4211 1218 4296; x_wconf 82' lang='lat' dir='ltr'><strong>gezeiehnet</strong></span> <span class='ocrx_word' id='word_1_336' title='bbox 1246 4232 1309 4281; x_wconf 86' lang='lat' dir='ltr'><strong><em>ron</em></strong></span> <span class='ocrx_word' id='word_1_337' title='bbox 1333 4213 1563 4281; x_wconf 75' lang='lat' dir='ltr'><strong>Philostratus</strong></span> 
     </span>
     <span class='ocr_line' id='line_1_37' title="bbox 329 4317 1563 4404; baseline 0.002 -21"><span class='ocrx_word' id='word_1_338' title='bbox 329 4317 373 4383; x_wconf 89' lang='lat' dir='ltr'><strong><em>im</em></strong></span> <span class='ocrx_word' id='word_1_339' title='bbox 396 4317 509 4385; x_wconf 87' lang='lat' dir='ltr'><strong>Leben</strong></span> <span class='ocrx_word' id='word_1_340' title='bbox 538 4319 597 4386; x_wconf 82' lang='lat' dir='ltr'><strong>des</strong></span> <span class='ocrx_word' id='word_1_341' title='bbox 620 4318 812 4401; x_wconf 84' lang='lat' dir='ltr'><strong>Apollonios</strong></span> <span class='ocrx_word' id='word_1_342' title='bbox 835 4337 899 4387; x_wconf 87' lang='lat' dir='ltr'><strong><em>von</em></strong></span> <span class='ocrx_word' id='word_1_343' title='bbox 923 4319 1040 4404; x_wconf 81' lang='lat' dir='ltr'><strong>Tyana</strong></span> <span class='ocrx_word' id='word_1_344' title='bbox 1062 4321 1080 4387; x_wconf 95' lang='grc' dir='ltr'>Ι</span> <span class='ocrx_word' id='word_1_345' title='bbox 1103 4320 1146 4388; x_wconf 83' lang='grc'><strong><em>25</em></strong></span> <span class='ocrx_word' id='word_1_346' title='bbox 1172 4324 1190 4386; x_wconf 95' lang='grc'>1</span> <span class='ocrx_word' id='word_1_347' title='bbox 1214 4341 1244 4404; x_wconf 85' lang='lat' dir='ltr'><strong><em>p.</em></strong></span> <span class='ocrx_word' id='word_1_348' title='bbox 1270 4323 1305 4388; x_wconf 88' lang='lat'><strong><em>6:</em></strong></span> <span class='ocrx_word' id='word_1_349' title='bbox 1344 4317 1472 4403; x_wconf 79' lang='grc' dir='ltr'><strong><em>δικάζει</em></strong></span> <span class='ocrx_word' id='word_1_350' title='bbox 1495 4319 1563 4404; x_wconf 80' lang='grc' dir='ltr'><strong><em>μὲν</em></strong></span> 
     </span>
    </p>
   </div>
   <div class='ocr_carea' id='block_1_3' title="bbox 327 4555 1560 4728">
    <p class='ocr_par' dir='ltr' id='par_1_3' title="bbox 327 4555 1560 4728">
     <span class='ocr_line' id='line_1_38' title="bbox 422 4555 1560 4640; baseline 0.007 -18"><span class='ocrx_word' id='word_1_351' title='bbox 422 4568 441 4636; x_wconf 88' lang='lat'><strong><em>¹)</em></strong></span> <span class='ocrx_word' id='word_1_352' title='bbox 460 4568 524 4623; x_wconf 80' lang='lat' dir='ltr'><strong>dian</strong></span> <span class='ocrx_word' id='word_1_353' title='bbox 543 4569 606 4624; x_wconf 86' lang='lat' dir='ltr'><strong>seha</strong></span> <span class='ocrx_word' id='word_1_354' title='bbox 624 4567 749 4624; x_wconf 81' lang='lat' dir='ltr'><strong>iriardter</strong></span> <span class='ocrx_word' id='word_1_355' title='bbox 773 4576 859 4624; x_wconf 84' lang='lat' dir='ltr'><strong>antea</strong></span> <span class='ocrx_word' id='word_1_356' title='bbox 886 4573 966 4624; x_wconf 82' lang='lat' dir='ltr'><strong>anter</strong></span> <span class='ocrx_word' id='word_1_357' title='bbox 991 4569 1039 4624; x_wconf 86' lang='lat' dir='ltr'><strong>dar</strong></span> <span class='ocrx_word' id='word_1_358' title='bbox 1056 4555 1242 4640; x_wconf 63' lang='lat' dir='ltr'><strong>Etymologia&#39;</strong></span> <span class='ocrx_word' id='word_1_359' title='bbox 1256 4587 1308 4627; x_wconf 88' lang='lat' dir='ltr'><strong><em>von</em></strong></span> <span class='ocrx_word' id='word_1_360' title='bbox 1328 4571 1474 4626; x_wconf 82' lang='lat' dir='ltr'><strong>Adrasteia</strong></span> <span class='ocrx_word' id='word_1_361' title='bbox 1500 4575 1560 4630; x_wconf 80' lang='lat' dir='ltr'><strong>and</strong></span> 
     </span>
     <span class='ocr_line' id='line_1_39' title="bbox 327 4655 1055 4728; baseline 0.007 -19"><span class='ocrx_word' id='word_1_362' title='bbox 327 4655 383 4724; x_wconf 69' lang='grc' dir='ltr'><strong><em>ντί.</em></strong></span> <span class='ocrx_word' id='word_1_363' title='bbox 402 4657 510 4725; x_wconf 77' lang='lat' dir='ltr'><strong>Appias</strong></span> <span class='ocrx_word' id='word_1_364' title='bbox 529 4657 635 4728; x_wconf 67' lang='grc' dir='ltr'><strong><em>Λιρυκή</em></strong></span> <span class='ocrx_word' id='word_1_365' title='bbox 655 4659 691 4712; x_wconf 77' lang='grc'><strong><em>85</em></strong></span> <span class='ocrx_word' id='word_1_366' title='bbox 708 4658 764 4713; x_wconf 83' lang='lat' dir='ltr'><strong><em>und</em></strong></span> <span class='ocrx_word' id='word_1_367' title='bbox 782 4658 938 4712; x_wconf 73' lang='lat' dir='ltr'><strong>Artemidos</strong></span> <span class='ocrx_word' id='word_1_368' title='bbox 956 4659 992 4719; x_wconf 87' lang='grc' dir='ltr'><strong><em>ΙΙ,</em></strong></span> <span class='ocrx_word' id='word_1_369' title='bbox 1012 4661 1055 4714; x_wconf 82' lang='grc'><strong><em>37.</em></strong></span> 
     </span>
    </p>
   </div>
   <div class='ocr_carea' id='block_1_4' title="bbox 0 0 1734 5200">
    <p class='ocr_par' dir='ltr' id='par_1_4' title="bbox 0 0 1734 5200">
     <span class='ocr_line' id='line_1_40' title="bbox 0 0 1734 5200; baseline 0 1"><span class='ocrx_word' id='word_1_370' title='bbox 0 0 1734 5200; x_wconf 95' lang='lat' dir='ltr'><strong><em> </em></strong></span> 
     </span>
    </p>
   </div>
  </div>
 </body>
</html>
