<?xml version="1.0" encoding="UTF-8"?>
<!DOCTYPE html PUBLIC "-//W3C//DTD XHTML 1.0 Transitional//EN"
    "http://www.w3.org/TR/xhtml1/DTD/xhtml1-transitional.dtd">
<html xmlns="http://www.w3.org/1999/xhtml" xml:lang="en" lang="en">
 <head>
  <title>
</title>
<meta http-equiv="Content-Type" content="text/html;charset=utf-8" />
  <meta name='ocr-system' content='tesseract 3.04.00' />
  <meta name='ocr-capabilities' content='ocr_page ocr_carea ocr_par ocr_line ocrx_word'/>
</head>
<body>
  <div class='ocr_page' id='page_1' title='image "./detacitosenecae00zimmgoog_0418.png"; bbox 0 0 3459 5200; ppageno 0'>
   <div class='ocr_carea' id='block_1_1' title="bbox 687 548 743 612">
    <p class='ocr_par' dir='ltr' id='par_1_1' title="bbox 687 548 743 612">
     <span class='ocr_line' id='line_1_1' title="bbox 687 548 743 612; baseline -0.018 0"><span class='ocrx_word' id='word_1_1' title='bbox 687 548 743 612; x_wconf 69' lang='lat' dir='ltr'>lli</span> 
     </span>
    </p>
   </div>
   <div class='ocr_carea' id='block_1_2' title="bbox 135 754 1315 4360">
    <p class='ocr_par' dir='ltr' id='par_1_2' title="bbox 139 754 1309 2373">
     <span class='ocr_line' id='line_1_2' title="bbox 142 754 1304 839; baseline 0 -20"><span class='ocrx_word' id='word_1_2' title='bbox 142 756 262 821; x_wconf 80' lang='lat' dir='ltr'>Verum</span> <span class='ocrx_word' id='word_1_3' title='bbox 290 759 384 821; x_wconf 89' lang='lat' dir='ltr'>tanta</span> <span class='ocrx_word' id='word_1_4' title='bbox 417 758 469 820; x_wconf 89' lang='lat' dir='ltr'>est</span> <span class='ocrx_word' id='word_1_5' title='bbox 498 755 641 821; x_wconf 82' lang='lat' dir='ltr'>fontium</span> <span class='ocrx_word' id='word_1_6' title='bbox 673 755 814 839; x_wconf 88' lang='lat' dir='ltr'>penuria</span> <span class='ocrx_word' id='word_1_7' title='bbox 840 760 877 821; x_wconf 87' lang='lat' dir='ltr'>ut</span> <span class='ocrx_word' id='word_1_8' title='bbox 904 755 959 820; x_wconf 86' lang='lat' dir='ltr'>vix</span> <span class='ocrx_word' id='word_1_9' title='bbox 988 775 1155 839; x_wconf 86' lang='lat' dir='ltr'>perpauca</span> <span class='ocrx_word' id='word_1_10' title='bbox 1177 755 1217 819; x_wconf 91' lang='lat' dir='ltr'>de</span> <span class='ocrx_word' id='word_1_11' title='bbox 1240 754 1304 819; x_wconf 88' lang='lat' dir='ltr'>hac</span> 
     </span>
     <span class='ocr_line' id='line_1_3' title="bbox 143 856 1304 942; baseline -0.002 -18"><span class='ocrx_word' id='word_1_12' title='bbox 143 878 178 924; x_wconf 93' lang='lat' dir='ltr'>re</span> <span class='ocrx_word' id='word_1_13' title='bbox 201 877 275 925; x_wconf 89' lang='lat' dir='ltr'>cum</span> <span class='ocrx_word' id='word_1_14' title='bbox 297 857 545 942; x_wconf 73' lang='lat' dir='ltr'>probabilitatis</span> <span class='ocrx_word' id='word_1_15' title='bbox 569 858 681 941; x_wconf 91' lang='lat' dir='ltr'>specie</span> <span class='ocrx_word' id='word_1_16' title='bbox 703 858 868 941; x_wconf 90' lang='lat' dir='ltr'>suspicari</span> <span class='ocrx_word' id='word_1_17' title='bbox 890 858 996 923; x_wconf 88' lang='lat' dir='ltr'>liceat.</span> <span class='ocrx_word' id='word_1_18' title='bbox 1042 859 1148 941; x_wconf 88' lang='lat' dir='ltr'>Spero</span> <span class='ocrx_word' id='word_1_19' title='bbox 1170 856 1304 941; x_wconf 88' lang='lat' dir='ltr'>quidem</span> 
     </span>
     <span class='ocr_line' id='line_1_4' title="bbox 143 961 1305 1045; baseline 0 -20"><span class='ocrx_word' id='word_1_20' title='bbox 143 962 212 1027; x_wconf 88' lang='lat' dir='ltr'>lore</span> <span class='ocrx_word' id='word_1_21' title='bbox 233 966 271 1027; x_wconf 90' lang='lat' dir='ltr'>ut</span> <span class='ocrx_word' id='word_1_22' title='bbox 299 962 473 1027; x_wconf 88' lang='lat' dir='ltr'>doctrinae</span> <span class='ocrx_word' id='word_1_23' title='bbox 501 962 660 1027; x_wconf 88' lang='lat' dir='ltr'>metricae</span> <span class='ocrx_word' id='word_1_24' title='bbox 687 962 831 1027; x_wconf 89' lang='lat' dir='ltr'>historia</span> <span class='ocrx_word' id='word_1_25' title='bbox 859 963 960 1028; x_wconf 89' lang='lat' dir='ltr'>etiam</span> <span class='ocrx_word' id='word_1_26' title='bbox 988 961 1176 1027; x_wconf 80' lang='lat' dir='ltr'>accuratius</span> <span class='ocrx_word' id='word_1_27' title='bbox 1205 980 1305 1045; x_wconf 88' lang='lat' dir='ltr'>quarn</span> 
     </span>
     <span class='ocr_line' id='line_1_5' title="bbox 142 1064 1305 1148; baseline -0.003 -18"><span class='ocrx_word' id='word_1_28' title='bbox 142 1065 249 1130; x_wconf 88' lang='lat' dir='ltr'>adhuc</span> <span class='ocrx_word' id='word_1_29' title='bbox 283 1065 406 1130; x_wconf 86' lang='lat' dir='ltr'>iactum</span> <span class='ocrx_word' id='word_1_30' title='bbox 441 1069 493 1129; x_wconf 90' lang='lat' dir='ltr'>est</span> <span class='ocrx_word' id='word_1_31' title='bbox 526 1066 717 1131; x_wconf 82' lang='lat' dir='ltr'>examinata</span> <span class='ocrx_word' id='word_1_32' title='bbox 743 1069 842 1148; x_wconf 89' lang='lat' dir='ltr'>atque</span> <span class='ocrx_word' id='word_1_33' title='bbox 876 1066 1041 1131; x_wconf 86' lang='lat' dir='ltr'>illustrata</span> <span class='ocrx_word' id='word_1_34' title='bbox 1068 1064 1144 1130; x_wconf 88' lang='lat' dir='ltr'>huic</span> <span class='ocrx_word' id='word_1_35' title='bbox 1174 1082 1305 1147; x_wconf 91' lang='lat' dir='ltr'>quoque</span> 
     </span>
     <span class='ocr_line' id='line_1_6' title="bbox 140 1167 1306 1253; baseline -0.001 -20"><span class='ocrx_word' id='word_1_36' title='bbox 140 1168 228 1251; x_wconf 90' lang='lat' dir='ltr'>parti</span> <span class='ocrx_word' id='word_1_37' title='bbox 249 1168 375 1252; x_wconf 91' lang='lat' dir='ltr'>aliquid</span> <span class='ocrx_word' id='word_1_38' title='bbox 400 1168 486 1234; x_wconf 89' lang='lat' dir='ltr'>lucis</span> <span class='ocrx_word' id='word_1_39' title='bbox 515 1170 685 1251; x_wconf 80' lang='lat' dir='ltr'>affulgeat:</span> <span class='ocrx_word' id='word_1_40' title='bbox 719 1189 804 1253; x_wconf 88' lang='lat' dir='ltr'>quae</span> <span class='ocrx_word' id='word_1_41' title='bbox 832 1189 922 1234; x_wconf 90' lang='lat' dir='ltr'>nunc</span> <span class='ocrx_word' id='word_1_42' title='bbox 951 1168 1015 1234; x_wconf 93' lang='lat' dir='ltr'>dici</span> <span class='ocrx_word' id='word_1_43' title='bbox 1038 1172 1196 1251; x_wconf 79' lang='lat' dir='ltr'>possunt,</span> <span class='ocrx_word' id='word_1_44' title='bbox 1223 1167 1306 1233; x_wconf 86' lang='lat' dir='ltr'>haec</span> 
     </span>
     <span class='ocr_line' id='line_1_7' title="bbox 142 1272 1305 1357; baseline 0.001 -22"><span class='ocrx_word' id='word_1_45' title='bbox 142 1272 210 1337; x_wconf 87' lang='lat' dir='ltr'>fere</span> <span class='ocrx_word' id='word_1_46' title='bbox 233 1277 319 1338; x_wconf 86' lang='lat' dir='ltr'>sunt</span> <span class='ocrx_word' id='word_1_47' title='bbox 364 1272 478 1337; x_wconf 86' lang='lat' dir='ltr'>Prima</span> <span class='ocrx_word' id='word_1_48' title='bbox 501 1273 612 1354; x_wconf 92' lang='lat' dir='ltr'>specie</span> <span class='ocrx_word' id='word_1_49' title='bbox 635 1273 742 1357; x_wconf 86' lang='lat' dir='ltr'>quivis</span> <span class='ocrx_word' id='word_1_50' title='bbox 764 1274 858 1338; x_wconf 82' lang='lat' dir='ltr'>ridet</span> <span class='ocrx_word' id='word_1_51' title='bbox 879 1292 948 1338; x_wconf 90' lang='lat' dir='ltr'>non</span> <span class='ocrx_word' id='word_1_52' title='bbox 974 1292 1080 1356; x_wconf 86' lang='lat' dir='ltr'>pauca</span> <span class='ocrx_word' id='word_1_53' title='bbox 1102 1272 1185 1337; x_wconf 86' lang='lat' dir='ltr'>artis</span> <span class='ocrx_word' id='word_1_54' title='bbox 1207 1290 1305 1336; x_wconf 85' lang='lat' dir='ltr'>roca·</span> 
     </span>
     <span class='ocr_line' id='line_1_8' title="bbox 140 1371 1305 1463; baseline -0.001 -23"><span class='ocrx_word' id='word_1_55' title='bbox 140 1375 220 1441; x_wconf 88' lang='lat' dir='ltr'>bula</span> <span class='ocrx_word' id='word_1_56' title='bbox 240 1376 329 1441; x_wconf 85' lang='lat' dir='ltr'>velut</span> <span class='ocrx_word' id='word_1_57' title='bbox 351 1374 466 1457; x_wconf 82' lang='grc' dir='ltr'>κῶλον,</span> <span class='ocrx_word' id='word_1_58' title='bbox 488 1371 606 1461; x_wconf 80' lang='grc' dir='ltr'>κόμμα,</span> <span class='ocrx_word' id='word_1_59' title='bbox 630 1376 750 1460; x_wconf 79' lang='grc' dir='ltr'>μέτρον,</span> <span class='ocrx_word' id='word_1_60' title='bbox 771 1376 924 1461; x_wconf 82' lang='grc' dir='ltr'>περίοδος,</span> <span class='ocrx_word' id='word_1_61' title='bbox 947 1373 1078 1463; x_wconf 73' lang='grc' dir='ltr'>στροφή,</span> <span class='ocrx_word' id='word_1_62' title='bbox 1098 1373 1305 1459; x_wconf 84' lang='grc' dir='ltr'>ἀντίστροφος,</span> 
     </span>
     <span class='ocr_line' id='line_1_9' title="bbox 141 1473 1306 1565; baseline -0.003 -22"><span class='ocrx_word' id='word_1_63' title='bbox 141 1473 260 1561; x_wconf 77' lang='grc' dir='ltr'>ἐπῳδός</span> <span class='ocrx_word' id='word_1_64' title='bbox 282 1477 600 1563; x_wconf 79' lang='lat' dir='ltr'>distinctionemque</span> <span class='ocrx_word' id='word_1_65' title='bbox 624 1481 810 1546; x_wconf 87' lang='lat' dir='ltr'>carminum</span> <span class='ocrx_word' id='word_1_66' title='bbox 830 1479 914 1545; x_wconf 82' lang='grc' dir='ltr'>κατὰ</span> <span class='ocrx_word' id='word_1_67' title='bbox 936 1480 1042 1565; x_wconf 81' lang='grc' dir='ltr'>στίχον</span> <span class='ocrx_word' id='word_1_68' title='bbox 1065 1484 1098 1545; x_wconf 90' lang='lat' dir='ltr'>et</span> <span class='ocrx_word' id='word_1_69' title='bbox 1117 1478 1199 1543; x_wconf 81' lang='grc' dir='ltr'>κατὰ</span> <span class='ocrx_word' id='word_1_70' title='bbox 1222 1476 1306 1561; x_wconf 77' lang='grc' dir='ltr'>περί-</span> 
     </span>
     <span class='ocr_line' id='line_1_10' title="bbox 141 1581 1307 1669; baseline 0.002 -24"><span class='ocrx_word' id='word_1_71' title='bbox 141 1582 213 1646; x_wconf 82' lang='grc' dir='ltr'>οδον</span> <span class='ocrx_word' id='word_1_72' title='bbox 235 1581 278 1646; x_wconf 89' lang='lat' dir='ltr'>ad</span> <span class='ocrx_word' id='word_1_73' title='bbox 299 1582 535 1666; x_wconf 88' lang='lat' dir='ltr'>antiquissima</span> <span class='ocrx_word' id='word_1_74' title='bbox 555 1588 710 1667; x_wconf 85' lang='lat' dir='ltr'>tempora</span> <span class='ocrx_word' id='word_1_75' title='bbox 731 1586 852 1663; x_wconf 84' lang='lat' dir='ltr'>redire,</span> <span class='ocrx_word' id='word_1_76' title='bbox 876 1588 993 1651; x_wconf 86' lang='lat' dir='ltr'>contra</span> <span class='ocrx_word' id='word_1_77' title='bbox 1016 1604 1139 1667; x_wconf 78' lang='lat' dir='ltr'>genera</span> <span class='ocrx_word' id='word_1_78' title='bbox 1156 1581 1307 1669; x_wconf 82' lang='grc' dir='ltr'>μετρικῶν</span> 
     </span>
     <span class='ocr_line' id='line_1_11' title="bbox 140 1680 1307 1772; baseline 0.007 -24"><span class='ocrx_word' id='word_1_79' title='bbox 140 1680 299 1767; x_wconf 87' lang='grc' dir='ltr'>ἀτάκτυν,</span> <span class='ocrx_word' id='word_1_80' title='bbox 322 1683 533 1768; x_wconf 68' lang='lat' dir='ltr'>duodecade,</span> <span class='ocrx_word' id='word_1_81' title='bbox 557 1687 743 1752; x_wconf 90' lang='lat' dir='ltr'>carminum</span> <span class='ocrx_word' id='word_1_82' title='bbox 771 1684 940 1772; x_wconf 81' lang='grc' dir='ltr'>ἐξὸμοίιυν</span> <span class='ocrx_word' id='word_1_83' title='bbox 968 1686 1164 1770; x_wconf 83' lang='lat' dir='ltr'>speciesque</span> <span class='ocrx_word' id='word_1_84' title='bbox 1187 1684 1307 1755; x_wconf 60' lang='lat' dir='ltr'>carmie</span> 
     </span>
     <span class='ocr_line' id='line_1_12' title="bbox 142 1786 1306 1876; baseline 0 -23"><span class='ocrx_word' id='word_1_85' title='bbox 142 1810 222 1855; x_wconf 90' lang='lat' dir='ltr'>num</span> <span class='ocrx_word' id='word_1_86' title='bbox 250 1786 487 1875; x_wconf 71' lang='grc' dir='ltr'>ἀπολελυμένον</span> <span class='ocrx_word' id='word_1_87' title='bbox 515 1793 549 1855; x_wconf 94' lang='lat' dir='ltr'>et</span> <span class='ocrx_word' id='word_1_88' title='bbox 577 1788 610 1868; x_wconf 78' lang='grc' dir='ltr'>ἐξ</span> <span class='ocrx_word' id='word_1_89' title='bbox 642 1788 756 1876; x_wconf 80' lang='grc' dir='ltr'>ὁμοίων</span> <span class='ocrx_word' id='word_1_90' title='bbox 788 1791 1034 1874; x_wconf 88' lang='lat' dir='ltr'>posterioribus</span> <span class='ocrx_word' id='word_1_91' title='bbox 1064 1790 1197 1855; x_wconf 90' lang='lat' dir='ltr'>demum</span> <span class='ocrx_word' id='word_1_92' title='bbox 1223 1792 1306 1853; x_wconf 90' lang='lat' dir='ltr'>tem·</span> 
     </span>
     <span class='ocr_line' id='line_1_13' title="bbox 140 1892 1308 1977; baseline -0.001 -20"><span class='ocrx_word' id='word_1_93' title='bbox 140 1892 280 1976; x_wconf 90' lang='lat' dir='ltr'>poribus</span> <span class='ocrx_word' id='word_1_94' title='bbox 313 1914 334 1958; x_wconf 88' lang='lat' dir='ltr'>a</span> <span class='ocrx_word' id='word_1_95' title='bbox 367 1893 595 1975; x_wconf 79' lang='lat' dir='ltr'>grammaticis</span> <span class='ocrx_word' id='word_1_96' title='bbox 629 1913 705 1959; x_wconf 89' lang='lat' dir='ltr'>esse</span> <span class='ocrx_word' id='word_1_97' title='bbox 732 1895 929 1977; x_wconf 81' lang='lat' dir='ltr'>excogitata.</span> <span class='ocrx_word' id='word_1_98' title='bbox 979 1895 1027 1959; x_wconf 88' lang='lat' dir='ltr'>De</span> <span class='ocrx_word' id='word_1_99' title='bbox 1057 1893 1196 1975; x_wconf 81' lang='lat' dir='ltr'>singulis</span> <span class='ocrx_word' id='word_1_100' title='bbox 1223 1910 1308 1974; x_wconf 88' lang='lat' dir='ltr'>quae</span> 
     </span>
     <span class='ocr_line' id='line_1_14' title="bbox 141 1993 1309 2081; baseline -0.003 -20"><span class='ocrx_word' id='word_1_101' title='bbox 141 1996 286 2061; x_wconf 86' lang='lat' dir='ltr'>dicenda</span> <span class='ocrx_word' id='word_1_102' title='bbox 307 1999 386 2061; x_wconf 91' lang='lat' dir='ltr'>suut</span> <span class='ocrx_word' id='word_1_103' title='bbox 409 2016 518 2078; x_wconf 81' lang='lat' dir='ltr'>supra.</span> <span class='ocrx_word' id='word_1_104' title='bbox 533 1997 712 2063; x_wconf 86' lang='lat' dir='ltr'>occasione</span> <span class='ocrx_word' id='word_1_105' title='bbox 728 1998 806 2063; x_wconf 89' lang='lat' dir='ltr'>data</span> <span class='ocrx_word' id='word_1_106' title='bbox 820 1998 932 2075; x_wconf 82' lang='lat' dir='ltr'>attuli3</span> <span class='ocrx_word' id='word_1_107' title='bbox 956 1998 1017 2063; x_wconf 92' lang='lat' dir='ltr'>sed</span> <span class='ocrx_word' id='word_1_108' title='bbox 1030 2016 1138 2081; x_wconf 87' lang='lat' dir='ltr'>pauca</span> <span class='ocrx_word' id='word_1_109' title='bbox 1153 1993 1309 2061; x_wconf 88' lang='lat' dir='ltr'>addenda</span> 
     </span>
     <span class='ocr_line' id='line_1_15' title="bbox 142 2098 1308 2186; baseline -0.001 -22"><span class='ocrx_word' id='word_1_110' title='bbox 142 2104 221 2166; x_wconf 89' lang='lat' dir='ltr'>sunt</span> <span class='ocrx_word' id='word_1_111' title='bbox 254 2098 296 2165; x_wconf 92' lang='lat' dir='ltr'>de</span> <span class='ocrx_word' id='word_1_112' title='bbox 330 2100 533 2165; x_wconf 84' lang='lat' dir='ltr'>carminibus</span> <span class='ocrx_word' id='word_1_113' title='bbox 560 2098 645 2166; x_wconf 86' lang='grc' dir='ltr'>κατὰ</span> <span class='ocrx_word' id='word_1_114' title='bbox 672 2099 778 2185; x_wconf 78' lang='grc' dir='ltr'>σχέσιν</span> <span class='ocrx_word' id='word_1_115' title='bbox 805 2105 837 2167; x_wconf 91' lang='lat' dir='ltr'>et</span> <span class='ocrx_word' id='word_1_116' title='bbox 860 2098 1115 2186; x_wconf 65' lang='lat' dir='ltr'>emanantem,</span> <span class='ocrx_word' id='word_1_117' title='bbox 1144 2119 1228 2183; x_wconf 90' lang='lat' dir='ltr'>quae</span> <span class='ocrx_word' id='word_1_118' title='bbox 1251 2118 1308 2163; x_wconf 87' lang='lat' dir='ltr'>ex·</span> 
     </span>
     <span class='ocr_line' id='line_1_16' title="bbox 144 2201 1309 2289; baseline -0.004 -20"><span class='ocrx_word' id='word_1_119' title='bbox 144 2204 251 2286; x_wconf 86' lang='lat' dir='ltr'>ceptis</span> <span class='ocrx_word' id='word_1_120' title='bbox 275 2204 479 2269; x_wconf 84' lang='lat' dir='ltr'>carminibus</span> <span class='ocrx_word' id='word_1_121' title='bbox 501 2201 585 2269; x_wconf 88' lang='grc' dir='ltr'>κοιτά</span> <span class='ocrx_word' id='word_1_122' title='bbox 606 2203 712 2289; x_wconf 81' lang='grc' dir='ltr'>στίχον</span> <span class='ocrx_word' id='word_1_123' title='bbox 740 2206 814 2270; x_wconf 89' lang='lat' dir='ltr'>sola</span> <span class='ocrx_word' id='word_1_124' title='bbox 840 2206 883 2270; x_wconf 90' lang='lat' dir='ltr'>ab</span> <span class='ocrx_word' id='word_1_125' title='bbox 911 2204 1058 2271; x_wconf 84' lang='lat' dir='ltr'>Aristide</span> <span class='ocrx_word' id='word_1_126' title='bbox 1080 2203 1217 2268; x_wconf 88' lang='lat' dir='ltr'>vocibus</span> <span class='ocrx_word' id='word_1_127' title='bbox 1241 2201 1309 2267; x_wconf 91' lang='lat' dir='ltr'>sol-</span> 
     </span>
     <span class='ocr_line' id='line_1_17' title="bbox 139 2307 530 2373; baseline 0.003 -1"><span class='ocrx_word' id='word_1_128' title='bbox 139 2307 310 2372; x_wconf 88' lang='lat' dir='ltr'>lemnibus</span> <span class='ocrx_word' id='word_1_129' title='bbox 332 2308 530 2373; x_wconf 87' lang='lat' dir='ltr'>afficiuntur.</span> 
     </span>
    </p>

    <p class='ocr_par' dir='ltr' id='par_1_3' title="bbox 135 2411 1315 4360">
     <span class='ocr_line' id='line_1_18' title="bbox 227 2411 1308 2495; baseline -0.002 -19"><span class='ocrx_word' id='word_1_130' title='bbox 227 2411 428 2477; x_wconf 87' lang='lat' dir='ltr'>Aristoteles</span> <span class='ocrx_word' id='word_1_131' title='bbox 450 2411 487 2475; x_wconf 93' lang='lat' dir='ltr'>in</span> <span class='ocrx_word' id='word_1_132' title='bbox 509 2412 591 2477; x_wconf 90' lang='lat' dir='ltr'>artis</span> <span class='ocrx_word' id='word_1_133' title='bbox 614 2412 802 2477; x_wconf 90' lang='lat' dir='ltr'>rhetoricae</span> <span class='ocrx_word' id='word_1_134' title='bbox 829 2412 908 2478; x_wconf 91' lang='lat' dir='ltr'>libri</span> <span class='ocrx_word' id='word_1_135' title='bbox 934 2413 975 2477; x_wconf 95' lang='lat' dir='ltr'>lll</span> <span class='ocrx_word' id='word_1_136' title='bbox 1004 2432 1075 2495; x_wconf 89' lang='lat' dir='ltr'>cap.</span> <span class='ocrx_word' id='word_1_137' title='bbox 1098 2414 1118 2477; x_wconf 89' lang='grc'><strong>9</strong></span> <span class='ocrx_word' id='word_1_138' title='bbox 1140 2413 1184 2494; x_wconf 87' lang='lat' dir='ltr'>(p.</span> <span class='ocrx_word' id='word_1_139' title='bbox 1211 2411 1308 2476; x_wconf 75' lang='lat' dir='ltr'>llO9⁸</span> 
     </span>
     <span class='ocr_line' id='line_1_19' title="bbox 139 2515 1309 2600; baseline -0.003 -19"><span class='ocrx_word' id='word_1_140' title='bbox 139 2516 186 2581; x_wconf 76' lang='lat'>24</span> <span class='ocrx_word' id='word_1_141' title='bbox 200 2515 288 2599; x_wconf 82' lang='lat' dir='ltr'>sqq.)</span> <span class='ocrx_word' id='word_1_142' title='bbox 311 2516 385 2581; x_wconf 90' lang='lat' dir='ltr'>loco</span> <span class='ocrx_word' id='word_1_143' title='bbox 410 2516 620 2583; x_wconf 89' lang='lat' dir='ltr'>conclamato</span> <span class='ocrx_word' id='word_1_144' title='bbox 642 2516 726 2581; x_wconf 90' lang='lat' dir='ltr'>duas</span> <span class='ocrx_word' id='word_1_145' title='bbox 750 2536 825 2581; x_wconf 89' lang='lat' dir='ltr'>esse</span> <span class='ocrx_word' id='word_1_146' title='bbox 847 2515 1026 2600; x_wconf 87' lang='lat' dir='ltr'>primarias</span> <span class='ocrx_word' id='word_1_147' title='bbox 1044 2515 1211 2600; x_wconf 90' lang='lat' dir='ltr'>pedestris</span> <span class='ocrx_word' id='word_1_148' title='bbox 1234 2533 1309 2579; x_wconf 88' lang='lat' dir='ltr'>ora·</span> 
     </span>
     <span class='ocr_line' id='line_1_20' title="bbox 140 2617 1309 2705; baseline -0.005 -19"><span class='ocrx_word' id='word_1_149' title='bbox 140 2619 246 2686; x_wconf 91' lang='lat' dir='ltr'>tionis</span> <span class='ocrx_word' id='word_1_150' title='bbox 269 2620 396 2686; x_wconf 79' lang='lat' dir='ltr'>formas</span> <span class='ocrx_word' id='word_1_151' title='bbox 420 2620 534 2700; x_wconf 85' lang='lat' dir='ltr'>docet,</span> <span class='ocrx_word' id='word_1_152' title='bbox 562 2621 702 2686; x_wconf 89' lang='lat' dir='ltr'>alteram</span> <span class='ocrx_word' id='word_1_153' title='bbox 731 2619 891 2705; x_wconf 77' lang='grc' dir='ltr'>εἰρομένην</span> <span class='ocrx_word' id='word_1_154' title='bbox 913 2621 1032 2705; x_wconf 80' lang='grc' dir='ltr'>καὶτῷ</span> <span class='ocrx_word' id='word_1_155' title='bbox 1055 2619 1215 2704; x_wconf 76' lang='grc' dir='ltr'>συνδέσμῳ</span> <span class='ocrx_word' id='word_1_156' title='bbox 1239 2617 1309 2703; x_wconf 83' lang='grc' dir='ltr'>μίαν</span> 
     </span>
     <span class='ocr_line' id='line_1_21' title="bbox 141 2722 1310 2807; baseline 0 -19"><span class='ocrx_word' id='word_1_157' title='bbox 141 2725 164 2788; x_wconf 94' lang='lat' dir='ltr'>i.</span> <span class='ocrx_word' id='word_1_158' title='bbox 182 2742 211 2788; x_wconf 90' lang='lat' dir='ltr'>e.</span> <span class='ocrx_word' id='word_1_159' title='bbox 235 2722 472 2789; x_wconf 90' lang='lat' dir='ltr'>coniunctione</span> <span class='ocrx_word' id='word_1_160' title='bbox 495 2725 604 2789; x_wconf 91' lang='lat' dir='ltr'>solum</span> <span class='ocrx_word' id='word_1_161' title='bbox 622 2728 808 2789; x_wconf 89' lang='lat' dir='ltr'>coartatam</span> <span class='ocrx_word' id='word_1_162' title='bbox 826 2724 896 2788; x_wconf 85' lang='lat' dir='ltr'>sive</span> <span class='ocrx_word' id='word_1_163' title='bbox 913 2725 1057 2803; x_wconf 85' lang='lat' dir='ltr'>vinculo,</span> <span class='ocrx_word' id='word_1_164' title='bbox 1075 2724 1164 2807; x_wconf 91' lang='lat' dir='ltr'>quod</span> <span class='ocrx_word' id='word_1_165' title='bbox 1181 2743 1251 2788; x_wconf 91' lang='lat' dir='ltr'>non</span> <span class='ocrx_word' id='word_1_166' title='bbox 1269 2745 1310 2788; x_wconf 89' lang='lat' dir='ltr'>ex</span> 
     </span>
     <span class='ocr_line' id='line_1_22' title="bbox 141 2825 1310 2910; baseline 0 -20"><span class='ocrx_word' id='word_1_167' title='bbox 141 2825 251 2909; x_wconf 91' lang='lat' dir='ltr'>ipsius</span> <span class='ocrx_word' id='word_1_168' title='bbox 279 2826 393 2891; x_wconf 90' lang='lat' dir='ltr'>indole</span> <span class='ocrx_word' id='word_1_169' title='bbox 420 2828 631 2910; x_wconf 82' lang='lat' dir='ltr'>profluxerit,</span> <span class='ocrx_word' id='word_1_170' title='bbox 654 2826 715 2892; x_wconf 90' lang='lat' dir='ltr'>sed</span> <span class='ocrx_word' id='word_1_171' title='bbox 737 2828 819 2892; x_wconf 86' lang='lat' dir='ltr'>loris</span> <span class='ocrx_word' id='word_1_172' title='bbox 841 2829 982 2910; x_wconf 90' lang='lat' dir='ltr'>petitum</span> <span class='ocrx_word' id='word_1_173' title='bbox 1011 2828 1064 2907; x_wconf 90' lang='lat' dir='ltr'>sit,</span> <span class='ocrx_word' id='word_1_174' title='bbox 1091 2829 1232 2893; x_wconf 89' lang='lat' dir='ltr'>alteram</span> <span class='ocrx_word' id='word_1_175' title='bbox 1253 2849 1310 2890; x_wconf 69' lang='grc' dir='ltr'>κά</span> 
     </span>
     <span class='ocr_line' id='line_1_23' title="bbox 138 2927 1310 3015; baseline 0.002 -21"><span class='ocrx_word' id='word_1_176' title='bbox 138 2927 375 3015; x_wconf 71' lang='grc' dir='ltr'>τεστροιμμένιμν</span> <span class='ocrx_word' id='word_1_177' title='bbox 390 2930 411 2994; x_wconf 90' lang='lat' dir='ltr'>i.</span> <span class='ocrx_word' id='word_1_178' title='bbox 427 2950 455 2995; x_wconf 89' lang='lat' dir='ltr'>e.</span> <span class='ocrx_word' id='word_1_179' title='bbox 470 2935 542 2996; x_wconf 88' lang='lat' dir='ltr'>arte</span> <span class='ocrx_word' id='word_1_180' title='bbox 560 2935 593 2996; x_wconf 93' lang='lat' dir='ltr'>et</span> <span class='ocrx_word' id='word_1_181' title='bbox 609 2931 741 2996; x_wconf 87' lang='lat' dir='ltr'>ratione</span> <span class='ocrx_word' id='word_1_182' title='bbox 758 2933 845 2996; x_wconf 87' lang='lat' dir='ltr'>bene</span> <span class='ocrx_word' id='word_1_183' title='bbox 861 2933 1065 2997; x_wconf 89' lang='lat' dir='ltr'>conclusam.</span> <span class='ocrx_word' id='word_1_184' title='bbox 1099 2932 1194 2996; x_wconf 89' lang='lat' dir='ltr'>Hanc</span> <span class='ocrx_word' id='word_1_185' title='bbox 1205 2931 1310 2996; x_wconf 90' lang='lat' dir='ltr'>multo</span> 
     </span>
     <span class='ocr_line' id='line_1_24' title="bbox 138 3027 1312 3120; baseline 0.002 -22"><span class='ocrx_word' id='word_1_186' title='bbox 138 3037 327 3117; x_wconf 86' lang='lat' dir='ltr'>praestare,</span> <span class='ocrx_word' id='word_1_187' title='bbox 342 3033 465 3117; x_wconf 89' lang='lat' dir='ltr'>quippe</span> <span class='ocrx_word' id='word_1_188' title='bbox 477 3053 561 3117; x_wconf 91' lang='lat' dir='ltr'>quae</span> <span class='ocrx_word' id='word_1_189' title='bbox 574 3053 751 3100; x_wconf 91' lang='lat' dir='ltr'>numerum</span> <span class='ocrx_word' id='word_1_190' title='bbox 766 3027 916 3120; x_wconf 69' lang='grc' dir='ltr'>(ἀριθμόν</span> <span class='ocrx_word' id='word_1_191' title='bbox 929 3034 1028 3100; x_wconf 62' lang='lat'>140912</span> <span class='ocrx_word' id='word_1_192' title='bbox 1041 3035 1074 3117; x_wconf 84' lang='lat'>5)</span> <span class='ocrx_word' id='word_1_193' title='bbox 1092 3033 1264 3100; x_wconf 86' lang='lat' dir='ltr'>contineat</span> <span class='ocrx_word' id='word_1_194' title='bbox 1279 3039 1312 3100; x_wconf 94' lang='lat' dir='ltr'>et</span> 
     </span>
     <span class='ocr_line' id='line_1_25' title="bbox 137 3136 1312 3222; baseline 0.002 -20"><span class='ocrx_word' id='word_1_195' title='bbox 137 3157 203 3220; x_wconf 89' lang='lat' dir='ltr'>per</span> <span class='ocrx_word' id='word_1_196' title='bbox 225 3157 261 3201; x_wconf 91' lang='lat' dir='ltr'>se</span> <span class='ocrx_word' id='word_1_197' title='bbox 283 3136 358 3219; x_wconf 85' lang='lat' dir='ltr'>ipsa</span> <span class='ocrx_word' id='word_1_198' title='bbox 379 3141 450 3202; x_wconf 90' lang='lat' dir='ltr'>tam</span> <span class='ocrx_word' id='word_1_199' title='bbox 472 3138 605 3203; x_wconf 91' lang='lat' dir='ltr'>initium</span> <span class='ocrx_word' id='word_1_200' title='bbox 627 3159 728 3221; x_wconf 85' lang='lat' dir='ltr'>quam</span> <span class='ocrx_word' id='word_1_201' title='bbox 744 3139 845 3202; x_wconf 88' lang='lat' dir='ltr'>finem</span> <span class='ocrx_word' id='word_1_202' title='bbox 866 3139 999 3218; x_wconf 80' lang='lat' dir='ltr'>habeat,</span> <span class='ocrx_word' id='word_1_203' title='bbox 1022 3157 1097 3203; x_wconf 91' lang='lat' dir='ltr'>cum</span> <span class='ocrx_word' id='word_1_204' title='bbox 1113 3138 1170 3203; x_wconf 86' lang='lat' dir='ltr'>illa</span> <span class='ocrx_word' id='word_1_205' title='bbox 1189 3158 1312 3222; x_wconf 90' lang='lat' dir='ltr'>aequa·</span> 
     </span>
     <span class='ocr_line' id='line_1_26' title="bbox 138 3241 1312 3327; baseline 0 -21"><span class='ocrx_word' id='word_1_206' title='bbox 138 3241 257 3306; x_wconf 90' lang='lat' dir='ltr'>biliter</span> <span class='ocrx_word' id='word_1_207' title='bbox 279 3260 322 3306; x_wconf 94' lang='lat' dir='ltr'>ne</span> <span class='ocrx_word' id='word_1_208' title='bbox 344 3241 387 3306; x_wconf 91' lang='lat' dir='ltr'>ad</span> <span class='ocrx_word' id='word_1_209' title='bbox 410 3243 565 3323; x_wconf 90' lang='lat' dir='ltr'>spiritum</span> <span class='ocrx_word' id='word_1_210' title='bbox 588 3242 722 3325; x_wconf 91' lang='lat' dir='ltr'>quidem</span> <span class='ocrx_word' id='word_1_211' title='bbox 743 3242 931 3308; x_wconf 89' lang='lat' dir='ltr'>ducendum</span> <span class='ocrx_word' id='word_1_212' title='bbox 949 3263 1112 3309; x_wconf 89' lang='lat' dir='ltr'>concesso</span> <span class='ocrx_word' id='word_1_213' title='bbox 1129 3243 1238 3327; x_wconf 89' lang='lat' dir='ltr'>spatio</span> <span class='ocrx_word' id='word_1_214' title='bbox 1254 3243 1312 3307; x_wconf 94' lang='lat' dir='ltr'>de·</span> 
     </span>
     <span class='ocr_line' id='line_1_27' title="bbox 139 3345 1311 3430; baseline -0.002 -20"><span class='ocrx_word' id='word_1_215' title='bbox 139 3350 266 3423; x_wconf 83' lang='lat' dir='ltr'>currat,</span> <span class='ocrx_word' id='word_1_216' title='bbox 287 3345 398 3428; x_wconf 91' lang='lat' dir='ltr'>quoad</span> <span class='ocrx_word' id='word_1_217' title='bbox 420 3346 585 3412; x_wconf 87' lang='lat' dir='ltr'>exhausta</span> <span class='ocrx_word' id='word_1_218' title='bbox 606 3346 748 3412; x_wconf 89' lang='lat' dir='ltr'>materia</span> <span class='ocrx_word' id='word_1_219' title='bbox 768 3346 834 3428; x_wconf 92' lang='lat' dir='ltr'>ipsi</span> <span class='ocrx_word' id='word_1_220' title='bbox 858 3366 990 3430; x_wconf 91' lang='lat' dir='ltr'>quoque</span> <span class='ocrx_word' id='word_1_221' title='bbox 1013 3346 1087 3412; x_wconf 89' lang='lat' dir='ltr'>finis</span> <span class='ocrx_word' id='word_1_222' title='bbox 1111 3347 1311 3430; x_wconf 89' lang='lat' dir='ltr'>imponatur.</span> 
     </span>
     <span class='ocr_line' id='line_1_28' title="bbox 137 3448 1312 3532; baseline 0 -18"><span class='ocrx_word' id='word_1_223' title='bbox 137 3448 236 3514; x_wconf 89' lang='lat' dir='ltr'>Idem</span> <span class='ocrx_word' id='word_1_224' title='bbox 257 3448 327 3512; x_wconf 89' lang='lat' dir='ltr'>iere</span> <span class='ocrx_word' id='word_1_225' title='bbox 349 3448 533 3514; x_wconf 88' lang='lat' dir='ltr'>discrimen</span> <span class='ocrx_word' id='word_1_226' title='bbox 556 3449 648 3514; x_wconf 84' lang='lat' dir='ltr'>cerni</span> <span class='ocrx_word' id='word_1_227' title='bbox 676 3450 711 3514; x_wconf 92' lang='lat' dir='ltr'>in</span> <span class='ocrx_word' id='word_1_228' title='bbox 738 3450 920 3532; x_wconf 73' lang='lat' dir='ltr'>poematiS,</span> <span class='ocrx_word' id='word_1_229' title='bbox 952 3470 1026 3515; x_wconf 89' lang='lat' dir='ltr'>curn</span> <span class='ocrx_word' id='word_1_230' title='bbox 1056 3451 1147 3516; x_wconf 87' lang='lat' dir='ltr'>illam</span> <span class='ocrx_word' id='word_1_231' title='bbox 1171 3451 1312 3515; x_wconf 81' lang='lat' dir='ltr'>formam</span> 
     </span>
     <span class='ocr_line' id='line_1_29' title="bbox 139 3550 1312 3639; baseline -0.001 -22"><span class='ocrx_word' id='word_1_232' title='bbox 139 3551 353 3618; x_wconf 85' lang='lat' dir='ltr'>constituant</span> <span class='ocrx_word' id='word_1_233' title='bbox 368 3551 402 3616; x_wconf 83' lang='lat' dir='ltr'>ct</span> <span class='ocrx_word' id='word_1_234' title='bbox 416 3551 448 3616; x_wconf 82' lang='grc' dir='ltr'>ἐν</span> <span class='ocrx_word' id='word_1_235' title='bbox 463 3560 525 3629; x_wconf 85' lang='grc' dir='ltr'>τοῖς</span> <span class='ocrx_word' id='word_1_236' title='bbox 540 3550 744 3639; x_wconf 79' lang='grc' dir='ltr'>διθυράμβοις</span> <span class='ocrx_word' id='word_1_237' title='bbox 759 3551 921 3639; x_wconf 76' lang='grc' dir='ltr'>ἀναβολοί,</span> <span class='ocrx_word' id='word_1_238' title='bbox 942 3555 1029 3620; x_wconf 86' lang='lat' dir='ltr'>hane</span> <span class='ocrx_word' id='word_1_239' title='bbox 1051 3553 1084 3618; x_wconf 79' lang='lat' dir='ltr'>at</span> <span class='ocrx_word' id='word_1_240' title='bbox 1096 3556 1156 3618; x_wconf 81' lang='grc' dir='ltr'>τῶν</span> <span class='ocrx_word' id='word_1_241' title='bbox 1172 3552 1312 3638; x_wconf 80' lang='grc' dir='ltr'>ἀρχαίων</span> 
     </span>
     <span class='ocr_line' id='line_1_30' title="bbox 138 3647 1313 3740; baseline 0.002 -20"><span class='ocrx_word' id='word_1_242' title='bbox 138 3655 282 3740; x_wconf 79' lang='grc' dir='ltr'>ποιητῶν</span> <span class='ocrx_word' id='word_1_243' title='bbox 304 3647 507 3740; x_wconf 76' lang='grc' dir='ltr'>ἀντίστροφοι.</span> <span class='ocrx_word' id='word_1_244' title='bbox 554 3657 779 3739; x_wconf 87' lang='lat' dir='ltr'>Opponuntur</span> <span class='ocrx_word' id='word_1_245' title='bbox 802 3658 902 3739; x_wconf 78' lang='lat' dir='ltr'>igitur</span> <span class='ocrx_word' id='word_1_246' title='bbox 928 3658 1016 3722; x_wconf 88' lang='lat' dir='ltr'>inter</span> <span class='ocrx_word' id='word_1_247' title='bbox 1045 3677 1081 3723; x_wconf 89' lang='lat' dir='ltr'>se</span> <span class='ocrx_word' id='word_1_248' title='bbox 1105 3659 1219 3723; x_wconf 89' lang='lat' dir='ltr'>onmia</span> <span class='ocrx_word' id='word_1_249' title='bbox 1240 3677 1313 3722; x_wconf 89' lang='lat' dir='ltr'>car·</span> 
     </span>
     <span class='ocr_line' id='line_1_31' title="bbox 137 3758 1313 3844; baseline 0.001 -19"><span class='ocrx_word' id='word_1_250' title='bbox 137 3758 254 3836; x_wconf 85' lang='lat' dir='ltr'>mina,</span> <span class='ocrx_word' id='word_1_251' title='bbox 288 3759 323 3822; x_wconf 92' lang='lat' dir='ltr'>in</span> <span class='ocrx_word' id='word_1_252' title='bbox 357 3760 477 3843; x_wconf 88' lang='lat' dir='ltr'>quibus</span> <span class='ocrx_word' id='word_1_253' title='bbox 512 3760 630 3825; x_wconf 89' lang='lat' dir='ltr'>eadem</span> <span class='ocrx_word' id='word_1_254' title='bbox 663 3759 804 3844; x_wconf 87' lang='lat' dir='ltr'>stropha</span> <span class='ocrx_word' id='word_1_255' title='bbox 831 3761 907 3843; x_wconf 90' lang='lat' dir='ltr'>plus</span> <span class='ocrx_word' id='word_1_256' title='bbox 936 3763 1040 3826; x_wconf 90' lang='lat' dir='ltr'>semel</span> <span class='ocrx_word' id='word_1_257' title='bbox 1070 3766 1219 3828; x_wconf 90' lang='lat' dir='ltr'>recurrat</span> <span class='ocrx_word' id='word_1_258' title='bbox 1244 3762 1313 3826; x_wconf 85' lang='lat' dir='ltr'>sive</span> 
     </span>
     <span class='ocr_line' id='line_1_32' title="bbox 137 3863 1313 3948; baseline 0 -20"><span class='ocrx_word' id='word_1_259' title='bbox 137 3864 390 3945; x_wconf 90' lang='lat' dir='ltr'>monostropha</span> <span class='ocrx_word' id='word_1_260' title='bbox 427 3868 506 3929; x_wconf 90' lang='lat' dir='ltr'>sunt</span> <span class='ocrx_word' id='word_1_261' title='bbox 543 3864 612 3928; x_wconf 85' lang='lat' dir='ltr'>sire</span> <span class='ocrx_word' id='word_1_262' title='bbox 653 3863 793 3947; x_wconf 87' lang='lat' dir='ltr'>epodica</span> <span class='ocrx_word' id='word_1_263' title='bbox 834 3865 904 3929; x_wconf 84' lang='lat' dir='ltr'>sive</span> <span class='ocrx_word' id='word_1_264' title='bbox 941 3865 1043 3929; x_wconf 88' lang='lat' dir='ltr'>alium</span> <span class='ocrx_word' id='word_1_265' title='bbox 1081 3865 1313 3948; x_wconf 88' lang='lat' dir='ltr'>responsionis</span> 
     </span>
     <span class='ocr_line' id='line_1_33' title="bbox 137 3965 1314 4052; baseline 0 -20"><span class='ocrx_word' id='word_1_266' title='bbox 137 3965 300 4032; x_wconf 91' lang='lat' dir='ltr'>ordinem</span> <span class='ocrx_word' id='word_1_267' title='bbox 330 3965 536 4050; x_wconf 82' lang='lat' dir='ltr'>exhibent¹),</span> <span class='ocrx_word' id='word_1_268' title='bbox 571 3972 604 4032; x_wconf 90' lang='lat' dir='ltr'>et</span> <span class='ocrx_word' id='word_1_269' title='bbox 633 3967 921 4051; x_wconf 84' lang='lat' dir='ltr'>dithyrambonrm</span> <span class='ocrx_word' id='word_1_270' title='bbox 948 3969 1138 4050; x_wconf 80' lang='lat' dir='ltr'>prooemia,</span> <span class='ocrx_word' id='word_1_271' title='bbox 1173 3988 1314 4052; x_wconf 89' lang='lat' dir='ltr'>quorum</span> 
     </span>
     <span class='ocr_line' id='line_1_34' title="bbox 136 4059 1313 4154; baseline 0.002 -20"><span class='ocrx_word' id='word_1_272' title='bbox 136 4069 426 4152; x_wconf 87' lang='lat' dir='ltr'>compositionem</span> <span class='ocrx_word' id='word_1_273' title='bbox 450 4089 520 4135; x_wconf 91' lang='lat' dir='ltr'>non</span> <span class='ocrx_word' id='word_1_274' title='bbox 542 4071 644 4136; x_wconf 88' lang='lat' dir='ltr'>aliam</span> <span class='ocrx_word' id='word_1_275' title='bbox 672 4059 777 4136; x_wconf 88' lang='lat' dir='ltr'>fuisse</span> <span class='ocrx_word' id='word_1_276' title='bbox 805 4075 905 4154; x_wconf 88' lang='lat' dir='ltr'>atque</span> <span class='ocrx_word' id='word_1_277' title='bbox 928 4072 1099 4137; x_wconf 89' lang='lat' dir='ltr'>Timothei</span> <span class='ocrx_word' id='word_1_278' title='bbox 1125 4091 1313 4150; x_wconf 79' lang='lat' dir='ltr'>nommnm,</span> 
     </span>
     <span class='ocr_line' id='line_1_35' title="bbox 135 4171 1315 4258; baseline 0.003 -22"><span class='ocrx_word' id='word_1_279' title='bbox 135 4192 231 4256; x_wconf 91' lang='lat' dir='ltr'>quos</span> <span class='ocrx_word' id='word_1_280' title='bbox 254 4172 440 4237; x_wconf 88' lang='lat' dir='ltr'>carminum</span> <span class='ocrx_word' id='word_1_281' title='bbox 463 4171 702 4257; x_wconf 75' lang='grc' dir='ltr'>ἀπολελυμένον</span> <span class='ocrx_word' id='word_1_282' title='bbox 725 4175 915 4257; x_wconf 87' lang='lat' dir='ltr'>exemplum</span> <span class='ocrx_word' id='word_1_283' title='bbox 938 4195 1013 4240; x_wconf 89' lang='lat' dir='ltr'>esse</span> <span class='ocrx_word' id='word_1_284' title='bbox 1033 4176 1139 4241; x_wconf 86' lang='lat' dir='ltr'>voluit</span> <span class='ocrx_word' id='word_1_285' title='bbox 1160 4175 1315 4258; x_wconf 89' lang='lat' dir='ltr'>Hephae·</span> 
     </span>
     <span class='ocr_line' id='line_1_36' title="bbox 136 4275 1313 4360; baseline 0.001 -19"><span class='ocrx_word' id='word_1_286' title='bbox 136 4277 212 4341; x_wconf 88' lang='lat' dir='ltr'>stio</span> <span class='ocrx_word' id='word_1_287' title='bbox 235 4275 281 4357; x_wconf 88' lang='lat' dir='ltr'>(p.</span> <span class='ocrx_word' id='word_1_288' title='bbox 303 4275 363 4340; x_wconf 89' lang='lat' dir='ltr'>XII</span> <span class='ocrx_word' id='word_1_289' title='bbox 385 4276 405 4339; x_wconf 87' lang='lat'><strong>3</strong></span> <span class='ocrx_word' id='word_1_290' title='bbox 429 4277 502 4359; x_wconf 81' lang='lat' dir='ltr'>sq),</span> <span class='ocrx_word' id='word_1_291' title='bbox 525 4277 677 4359; x_wconf 90' lang='lat' dir='ltr'>pluribus</span> <span class='ocrx_word' id='word_1_292' title='bbox 701 4277 935 4342; x_wconf 87' lang='lat' dir='ltr'>demonstrare</span> <span class='ocrx_word' id='word_1_293' title='bbox 959 4297 1028 4342; x_wconf 91' lang='lat' dir='ltr'>non</span> <span class='ocrx_word' id='word_1_294' title='bbox 1057 4298 1142 4360; x_wconf 90' lang='lat' dir='ltr'>opus</span> <span class='ocrx_word' id='word_1_295' title='bbox 1172 4283 1238 4354; x_wconf 88' lang='lat' dir='ltr'>est;</span> <span class='ocrx_word' id='word_1_296' title='bbox 1274 4279 1313 4342; x_wconf 87' lang='lat' dir='ltr'>cl.</span> 
     </span>
    </p>
   </div>
   <div class='ocr_carea' id='block_1_3' title="bbox 135 4379 1315 4464">
    <p class='ocr_par' dir='ltr' id='par_1_4' title="bbox 135 4379 1315 4464">
     <span class='ocr_line' id='line_1_37' title="bbox 135 4379 1315 4464; baseline 0.001 -20"><span class='ocrx_word' id='word_1_297' title='bbox 135 4379 247 4444; x_wconf 86' lang='lat' dir='ltr'>etiam</span> <span class='ocrx_word' id='word_1_298' title='bbox 261 4379 401 4445; x_wconf 90' lang='lat' dir='ltr'>Aristot.</span> <span class='ocrx_word' id='word_1_299' title='bbox 417 4381 581 4462; x_wconf 90' lang='lat' dir='ltr'>problem.</span> <span class='ocrx_word' id='word_1_300' title='bbox 596 4381 670 4446; x_wconf 87' lang='lat' dir='ltr'>XIX</span> <span class='ocrx_word' id='word_1_301' title='bbox 694 4400 765 4464; x_wconf 85' lang='lat' dir='ltr'>cap.</span> <span class='ocrx_word' id='word_1_302' title='bbox 785 4381 835 4446; x_wconf 88' lang='lat'>15.</span> <span class='ocrx_word' id='word_1_303' title='bbox 870 4381 957 4464; x_wconf 80' lang='lat' dir='ltr'>Ergo</span> <span class='ocrx_word' id='word_1_304' title='bbox 974 4381 1142 4446; x_wconf 89' lang='lat' dir='ltr'>artissime</span> <span class='ocrx_word' id='word_1_305' title='bbox 1159 4383 1315 4447; x_wconf 86' lang='lat' dir='ltr'>cohaeret</span> 
     </span>
    </p>
   </div>
   <div class='ocr_carea' id='block_1_4' title="bbox 133 4541 1314 4699">
    <p class='ocr_par' dir='ltr' id='par_1_5' title="bbox 133 4541 1314 4699">
     <span class='ocr_line' id='line_1_38' title="bbox 234 4541 1314 4614; baseline 0.004 -18"><span class='ocrx_word' id='word_1_306' title='bbox 234 4541 254 4610; x_wconf 84' lang='lat'>¹)</span> <span class='ocrx_word' id='word_1_307' title='bbox 273 4543 405 4598; x_wconf 86' lang='lat' dir='ltr'>Similiter</span> <span class='ocrx_word' id='word_1_308' title='bbox 423 4546 496 4613; x_wconf 91' lang='lat' dir='ltr'>apud</span> <span class='ocrx_word' id='word_1_309' title='bbox 516 4545 597 4600; x_wconf 83' lang='lat' dir='ltr'>Arist.</span> <span class='ocrx_word' id='word_1_310' title='bbox 618 4545 669 4612; x_wconf 75' lang='lat' dir='ltr'>Qu,</span> <span class='ocrx_word' id='word_1_311' title='bbox 689 4563 715 4614; x_wconf 92' lang='lat' dir='ltr'>p.</span> <span class='ocrx_word' id='word_1_312' title='bbox 730 4545 772 4608; x_wconf 78' lang='lat'>37,</span> <span class='ocrx_word' id='word_1_313' title='bbox 794 4545 827 4597; x_wconf 65' lang='lat' dir='ltr'>ll</span> <span class='ocrx_word' id='word_1_314' title='bbox 844 4545 947 4598; x_wconf 90' lang='lat' dir='ltr'>locutio</span> <span class='ocrx_word' id='word_1_315' title='bbox 966 4545 1000 4597; x_wconf 86' lang='grc' dir='ltr'>τά</span> <span class='ocrx_word' id='word_1_316' title='bbox 1017 4541 1222 4614; x_wconf 74' lang='grc' dir='ltr'>ἀντιστρέφοντα</span> <span class='ocrx_word' id='word_1_317' title='bbox 1239 4563 1314 4600; x_wconf 89' lang='lat' dir='ltr'>usur·</span> 
     </span>
     <span class='ocr_line' id='line_1_39' title="bbox 133 4630 343 4699; baseline 0.005 -16"><span class='ocrx_word' id='word_1_318' title='bbox 133 4635 210 4699; x_wconf 83' lang='lat' dir='ltr'>pata</span> <span class='ocrx_word' id='word_1_319' title='bbox 229 4630 343 4684; x_wconf 82' lang='lat' dir='ltr'>ridetur.</span> 
     </span>
    </p>
   </div>
   <div class='ocr_carea' id='block_1_5' title="bbox 0 0 1734 5200">
    <p class='ocr_par' dir='ltr' id='par_1_6' title="bbox 0 0 1734 5200">
     <span class='ocr_line' id='line_1_40' title="bbox 0 0 1734 5200; baseline 0 0"><span class='ocrx_word' id='word_1_320' title='bbox 0 0 1734 5200; x_wconf 95' lang='lat' dir='ltr'> </span> 
     </span>
    </p>
   </div>
  </div>
 </body>
</html>
