3459 5200
706 404 919 503 23-

202 594 358 661 trabimur
394 598 539 685 potuisse
571 598 651 683 fieri,
685 605 720 663 nt
752 598 804 665 bic
837 620 916 667 usus
953 621 974 665 a
1007 600 1103 684 nullo,
1140 621 1181 666 ne
1213 621 1234 665 a
1265 599 1424 685 Dionysio

202 701 344 785 quidem,
380 706 435 789 qui
463 706 533 791 ipse
562 706 651 772 duali
680 706 934 792 redintegrando
967 729 1098 795 operam
1129 708 1235 787 dedit,
1268 709 1300 774 in
1334 708 1425 774 libris

201 808 371 879 rhetoricis
395 812 626 880 admitteretur.
674 814 790 881 Melius
817 815 901 881 hacc
928 837 980 882 res
1004 816 1145 882 concinit
1168 837 1240 881 enm
1264 815 1426 882 sententia

202 916 615 987 Bebeim·Scbwarzbachii
635 922 654 988 l.
670 921 691 989 1.
712 943 743 1007 p.
758 923 803 989 40
820 922 964 1007 prolata:
990 923 1110 1007 ,itaque
1134 944 1174 989 ex
1198 924 1301 989 forma
1323 921 1425 989 libelli

200 1022 287 1089 idem
312 1027 525 1111 concluditur,
555 1027 640 1112 quod
666 1050 705 1095 ex
729 1030 845 1096 ceteris
870 1030 1077 1114 argumentis,
1101 1051 1217 1116 nempe
1240 1036 1275 1096 ut
1296 1029 1426 1095 libellus

202 1133 332 1199 saeculo
356 1134 458 1200 altero
482 1157 512 1220 p.
539 1134 612 1201 Chr.
636 1156 667 1202 n.
693 1138 890 1221 compositus
913 1136 974 1203 sit‘

291 1258 449 1325 Libellum
472 1264 538 1345 περὶ
561 1266 659 1347 ψυχᾶς
686 1267 791 1347 stopo
814 1280 878 1327 non
905 1262 1054 1328 Timaei
1083 1261 1194 1328 Locri
1219 1282 1292 1328 esse
1316 1280 1426 1327 omncs

202 1364 262 1429 viri
290 1364 375 1432 docti
405 1366 618 1433 consentiunt.
665 1368 769 1451 Atque
798 1366 885 1433 idem
914 1389 953 1433 ex
982 1388 1044 1435 usu
1072 1368 1180 1435 dualis
1210 1369 1285 1436 licet
1308 1389 1425 1452 cogno-

203 1491 302 1538 scere.
338 1472 422 1539 Nam
445 1494 563 1558 prosae
587 1474 743 1539 orationis
767 1475 953 1560 scriptores,
977 1476 1033 1559 qui
1048 1476 1166 1541 Dorico
1190 1495 1336 1541 sermone
1359 1482 1425 1542 ute-

202 1580 327 1664 bantur,
351 1588 505 1664 quantum
528 1580 657 1664 quidem
681 1580 826 1648 iudicare
840 1602 1024 1672 possumus,
1049 1581 1178 1648 dualem
1194 1602 1257 1647 non
1272 1582 1425 1649 adbibue-

202 1693 284 1771 runt,
308 1687 361 1753 hic
384 1709 460 1754 vero
484 1708 542 1773 pro
566 1688 713 1773 portione
736 1708 799 1755 non
814 1690 968 1755 minorem
983 1710 1079 1773 quarn
1096 1690 1189 1755 Plato
1206 1689 1427 1776 exemplorum

202 1815 367 1861 numerum
390 1796 533 1881 praebet.
580 1794 642 1872 Qui
671 1796 864 1862 novissimus
894 1795 935 1861 de
964 1804 1074 1863 aetate
1103 1797 1172 1863 eius
1201 1797 1302 1863 libelli
1331 1817 1426 1882 quam

203 1902 427 1987 copiosissime
451 1901 604 1968 disseruit
619 1904 725 1968 Anton
749 1902 804 1985 (de
828 1902 953 1986 origine
975 1902 1077 1969 libelli
1101 1908 1166 1989 περὶ
1189 1910 1289 1991 ψυχᾶς
1311 1910 1427 1991 stopo,

202 2010 392 2093 Naumburg
417 2011 515 2090 1891)
540 2009 582 2074 ad
607 2009 691 2075 hunc
714 2010 809 2076 finem
832 2010 980 2095 pervenit
1003 2015 1046 2095 (p.
1067 2012 1163 2093 593):
1191 2012 1306 2096 ,Atque
1330 2011 1428 2077 etiam

204 2154 246 2165 -
283 2137 371 2183 more
408 2117 576 2182 verborum
618 2116 877 2200 testimoniisque
918 2124 1062 2183 veterum
1098 2154 1142 2165 -
1178 2117 1260 2183 illud
1296 2117 1427 2203 planum

203 2224 325 2290 factum
350 2230 399 2291 est
423 2230 607 2310 susceptam
626 2223 710 2290 hanc
726 2225 853 2309 culpam
878 2224 958 2308 [scil.
975 2224 1189 2310 componendi
1204 2227 1288 2292 hunc
1301 2225 1428 2309 librum]

204 2352 277 2399 csse
310 2352 374 2397 non
403 2340 479 2397 ante
508 2332 655 2397 Panaetii
683 2338 824 2398 aetatem
853 2352 913 2398 nee
940 2339 1016 2417 post
1042 2333 1230 2400 Nicomachi
1259 2333 1427 2417 Geraseni,

206 2438 318 2505 dubito
343 2459 386 2504 an
409 2446 547 2506 exeunte
569 2438 671 2524 primo
697 2437 881 2504 secundove
908 2439 1037 2504 ineunte
1064 2461 1096 2524 p.
1121 2439 1193 2508 Chr.
1216 2461 1247 2505 n.
1276 2439 1428 2507 saeculo.‘

205 2543 350 2624 Quocum
375 2546 441 2612 fere
467 2546 625 2632 eonvenit,
656 2544 740 2630 qood
771 2565 788 2612 e
812 2544 920 2612 dualis
948 2566 1009 2612 usu
1036 2547 1192 2633 probatur
1214 2553 1290 2614 ante
1313 2547 1428 2614 Dionis

204 2653 425 2739 chrysostomi
451 2653 614 2720 orationes
638 2653 751 2719 librum
777 2653 932 2738 scriptum
955 2674 1018 2719 non
1043 2674 1125 2721 esse.

293 2889 361 2953 Iam
390 2895 559 2973 postquam
589 2885 695 2952 dualis
722 2887 845 2952 numeri
870 2887 1039 2953 historiam
1062 2887 1104 2952 ab
1128 2886 1303 2953 Aristotele
1326 2906 1428 2971 nsque

206 2995 248 3060 ad
271 2995 409 3062 Dionem
433 2995 647 3078 narravimus,
676 3013 770 3058 unum
799 2999 915 3079 restat,
943 3000 978 3059 ut
1005 3013 1211 3080 quaeramus,
1240 3015 1337 3078 qnam
1364 2995 1428 3061 vim

206 3102 383 3186 Dionysius
416 3110 448 3168 et
477 3102 532 3185 qui
566 3101 597 3166 in
631 3100 720 3165 duali
752 3098 938 3166 renovando
971 3121 1044 3166 eum
1076 3100 1180 3168 secuti
1212 3108 1286 3167 sunt
1317 3100 1428 3168 formis

204 3208 354 3275 dualibus
382 3210 490 3275 inesse
517 3208 710 3293 putaverint.
761 3207 868 3290 Atque
895 3208 1031 3292 primurn
1059 3209 1087 3274 si
1117 3209 1276 3275 vocabula
1300 3217 1426 3294 specta-

204 3337 284 3402 mus,
308 3337 391 3401 quae
416 3315 591 3381 informas
615 3315 729 3381 duales
754 3313 918 3380 declinata
937 3323 1020 3398 sunt,
1043 3315 1192 3400 Dionysii
1207 3336 1305 3381 unum
1321 3323 1429 3382 exstat

204 3429 271 3510 χείρ
294 3423 382 3489 baud
406 3424 504 3490 semel
528 3423 709 3508 repetitum,
737 3422 866 3489 Nicolai
892 3421 1090 3489 Damasceni
1112 3429 1177 3511 χείρ
1201 3431 1234 3489 et
1256 3421 1427 3511 ὀφθαλμός,

205 3532 335 3618 Iosepbi
369 3533 401 3596 in
434 3531 518 3596 bello
546 3530 679 3595 Iudaico
707 3535 775 3617 χείρ
804 3537 837 3595 et
864 3533 947 3608 ποὺς,
981 3529 1146 3596 Plutarchi
1179 3529 1288 3596 decies
1322 3531 1429 3597 sexies

205 3645 272 3727 χείρ
296 3639 348 3705 rel
370 3642 453 3712 rote.
499 3639 570 3703 Huc
598 3637 627 3703 si
654 3636 804 3703 addimus
831 3647 916 3724 χεῖρε
944 3643 977 3702 et
998 3647 1099 3724 χεροῖν
1127 3635 1214 3702 haud
1236 3637 1341 3721 raro¹)
1365 3659 1428 3702 non

206 3746 247 3812 de
279 3766 352 3830 uno,
382 3745 439 3811 sed
471 3744 511 3810 de
541 3743 751 3830 complurium
780 3744 944 3809 hominum
968 3744 1039 3828 pari
1063 3764 1214 3809 manuum
1243 3763 1317 3810 esse
1340 3765 1429 3810 usur·

205 3860 296 3940 pata,
328 3853 541 3920 membrorum
569 3851 694 3936 parium
723 3851 992 3936 significationes,
1023 3850 1077 3915 ubi
1105 3850 1147 3916 de
1175 3870 1238 3916 uno
1266 3851 1318 3916 vel
1346 3872 1428 3917 eom-

205 3961 350 4046 plnribus
372 3959 555 4026 hominibus
579 3967 704 4042 agatur,
732 3957 820 4023 duali
851 3967 886 4023 ut
913 3957 1031 4043 plurali
1060 3958 1195 4043 exprimi
1228 3977 1325 4044 posse
1354 3959 1428 4024 illos

206 4069 379 4134 arbitratos
408 4088 482 4134 esse
510 4066 722 4132 censebimus.
769 4064 904 4132 Ceteras
934 4064 1054 4130 formas
1078 4065 1298 4150 imprimisque
1321 4065 1428 4132 Pbilo·

207 4195 286 4241 neas
320 4174 519 4260 duplicitatis
552 4174 713 4239 notionem
751 4172 872 4238 babere
909 4172 1099 4241 invenimus.
1158 4173 1241 4239 Nam
1278 4173 1429 4256 quoniam

207 4285 284 4348 δυοῖν
316 4283 504 4368 plerumque
536 4301 607 4346 cum
640 4279 729 4346 duali
762 4281 964 4345 coniunctum
997 4278 1158 4358 videmus,
1193 4279 1323 4345 dubium
1356 4301 1429 4347 esse

301 4515 318 4582 ¹)
342 4515 455 4583 Dionys.
475 4515 548 4568 arch.
568 4515 646 4567 Rom.
665 4513 713 4578 ΙΙΙ,
734 4513 775 4578 73,
795 4514 819 4566 2.
855 4514 900 4578 Vi,
920 4513 962 4578 82,
982 4515 1005 4567 3.
1035 4513 1077 4579 85,
1098 4515 1122 4567 2.
1161 4508 1428 4582 Ioseph.bell.1ud.

207 4604 239 4670 V,
260 4607 285 4672 2,
305 4606 329 4659 4.
367 4605 440 4658 Plut.
460 4606 537 4658 Brut.
556 4604 599 4668 42,
618 4605 642 4657 3.
682 4603 779 4672 Pyrrh.
799 4603 880 4667 7,28.
918 4605 995 4656 Aem.
1015 4604 1092 4658 Paul.
1111 4603 1212 4666 25,10.
1251 4602 1327 4656 Alex.
1348 4603 1390 4668 13,
1403 4603 1427 4657 3.

207 4695 282 4749 Caes.
302 4696 344 4760 61,
364 4697 389 4748 8.
427 4695 460 4748 de
480 4712 528 4748 scr.
550 4711 623 4746 num.
644 4693 717 4745 vind.
739 4693 771 4746 14
791 4713 816 4762 p.
837 4694 927 4746 obst).
