<?xml version="1.0" encoding="UTF-8"?>
<!DOCTYPE html PUBLIC "-//W3C//DTD XHTML 1.0 Transitional//EN"
    "http://www.w3.org/TR/xhtml1/DTD/xhtml1-transitional.dtd">
<html xmlns="http://www.w3.org/1999/xhtml" xml:lang="en" lang="en">
 <head>
  <title>
</title>
<meta http-equiv="Content-Type" content="text/html;charset=utf-8" />
  <meta name='ocr-system' content='tesseract 3.04.00' />
  <meta name='ocr-capabilities' content='ocr_page ocr_carea ocr_par ocr_line ocrx_word'/>
</head>
<body>
  <div class='ocr_page' id='page_1' title='image "./detacitosenecae00zimmgoog_0662.png"; bbox 0 0 3459 5200; ppageno 0'>
   <div class='ocr_carea' id='block_1_1' title="bbox 684 375 814 470">
    <p class='ocr_par' dir='ltr' id='par_1_1' title="bbox 684 375 814 470">
     <span class='ocr_line' id='line_1_1' title="bbox 684 375 814 470; baseline 0.015 -30"><span class='ocrx_word' id='word_1_1' title='bbox 684 375 814 470; x_wconf 28' lang='lat' dir='ltr'><strong>*cc</strong></span> 
     </span>
    </p>
   </div>
   <div class='ocr_carea' id='block_1_2' title="bbox 175 542 1405 868">
    <p class='ocr_par' dir='ltr' id='par_1_2' title="bbox 175 542 1405 868">
     <span class='ocr_line' id='line_1_2' title="bbox 266 542 1404 652; baseline 0.004 -20"><span class='ocrx_word' id='word_1_2' title='bbox 266 565 342 644; x_wconf 85' lang='lat' dir='ltr'><strong>Sed,</strong></span> <span class='ocrx_word' id='word_1_3' title='bbox 367 586 562 652; x_wconf 85' lang='lat' dir='ltr'><strong>quamquam</strong></span> <span class='ocrx_word' id='word_1_4' title='bbox 585 566 686 634; x_wconf 83' lang='lat' dir='ltr'><strong>multa</strong></span> <span class='ocrx_word' id='word_1_5' title='bbox 713 568 843 634; x_wconf 86' lang='lat' dir='ltr'><strong>nomina</strong></span> <span class='ocrx_word' id='word_1_6' title='bbox 871 542 1040 636; x_wconf 82' lang='lat' dir='ltr'><strong>vocalibus</strong></span> <span class='ocrx_word' id='word_1_7' title='bbox 1068 573 1150 628; x_wconf 82' lang='grc' dir='ltr'><strong>ΑΙΥ</strong></span> <span class='ocrx_word' id='word_1_8' title='bbox 1181 568 1288 636; x_wconf 85' lang='lat' dir='ltr'><strong>indita</strong></span> <span class='ocrx_word' id='word_1_9' title='bbox 1319 577 1404 648; x_wconf 75' lang='lat' dir='ltr'><strong>sunt,</strong></span> 
     </span>
     <span class='ocr_line' id='line_1_3' title="bbox 175 674 1405 762; baseline 0.002 -22"><span class='ocrx_word' id='word_1_10' title='bbox 175 681 286 742; x_wconf 82' lang='lat' dir='ltr'><strong>tamen</strong></span> <span class='ocrx_word' id='word_1_11' title='bbox 307 675 387 741; x_wconf 86' lang='lat' dir='ltr'><strong>vicit</strong></span> <span class='ocrx_word' id='word_1_12' title='bbox 408 694 526 741; x_wconf 92' lang='lat' dir='ltr'><strong>nomen</strong></span> <span class='ocrx_word' id='word_1_13' title='bbox 549 677 673 762; x_wconf 80' lang='grc' dir='ltr'>δίχρονα</span> <span class='ocrx_word' id='word_1_14' title='bbox 694 694 801 760; x_wconf 89' lang='lat' dir='ltr'><strong>neque</strong></span> <span class='ocrx_word' id='word_1_15' title='bbox 824 674 978 742; x_wconf 91' lang='lat' dir='ltr'><strong>escholis</strong></span> <span class='ocrx_word' id='word_1_16' title='bbox 1002 676 1223 760; x_wconf 71' lang='lat' dir='ltr'>grammaticis</span> <span class='ocrx_word' id='word_1_17' title='bbox 1246 683 1405 744; x_wconf 89' lang='lat' dir='ltr'><strong>remotum</strong></span> 
     </span>
     <span class='ocr_line' id='line_1_4' title="bbox 176 780 1403 868; baseline 0.001 -20"><span class='ocrx_word' id='word_1_18' title='bbox 176 789 235 866; x_wconf 75' lang='lat' dir='ltr'><strong>est,</strong></span> <span class='ocrx_word' id='word_1_19' title='bbox 258 780 410 866; x_wconf 89' lang='lat' dir='ltr'><strong>qnoniam</strong></span> <span class='ocrx_word' id='word_1_20' title='bbox 428 780 606 866; x_wconf 89' lang='lat' dir='ltr'><strong>Dionysius</strong></span> <span class='ocrx_word' id='word_1_21' title='bbox 620 781 741 861; x_wconf 79' lang='lat' dir='ltr'><strong>Thrax,</strong></span> <span class='ocrx_word' id='word_1_22' title='bbox 766 782 857 849; x_wconf 92' lang='lat' dir='ltr'><strong>cuius</strong></span> <span class='ocrx_word' id='word_1_23' title='bbox 873 782 1017 848; x_wconf 90' lang='lat' dir='ltr'><strong>libellum</strong></span> <span class='ocrx_word' id='word_1_24' title='bbox 1031 801 1163 849; x_wconf 83' lang='lat' dir='ltr'><strong>curcum</strong></span> <span class='ocrx_word' id='word_1_25' title='bbox 1177 783 1273 868; x_wconf 87' lang='lat' dir='ltr'><strong>quasi</strong></span> <span class='ocrx_word' id='word_1_26' title='bbox 1287 782 1403 850; x_wconf 90' lang='lat' dir='ltr'><strong>ducem</strong></span> 
     </span>
    </p>
   </div>
   <div class='ocr_carea' id='block_1_3' title="bbox 175 886 1402 1081">
    <p class='ocr_par' dir='ltr' id='par_1_3' title="bbox 175 886 1402 1081">
     <span class='ocr_line' id='line_1_5' title="bbox 175 886 1402 976; baseline 0.003 -24"><span class='ocrx_word' id='word_1_27' title='bbox 175 887 379 971; x_wconf 78' lang='lat' dir='ltr'><strong>grammatici</strong></span> <span class='ocrx_word' id='word_1_28' title='bbox 401 888 598 954; x_wconf 73' lang='lat' dir='ltr'><strong>recentiores</strong></span> <span class='ocrx_word' id='word_1_29' title='bbox 621 889 723 955; x_wconf 83' lang='lat' dir='ltr'><strong>secuti</strong></span> <span class='ocrx_word' id='word_1_30' title='bbox 737 895 822 973; x_wconf 86' lang='lat' dir='ltr'><strong>sunt,</strong></span> <span class='ocrx_word' id='word_1_31' title='bbox 845 886 931 955; x_wconf 84' lang='lat' dir='ltr'><strong>banc</strong></span> <span class='ocrx_word' id='word_1_32' title='bbox 945 889 1199 975; x_wconf 81' lang='lat' dir='ltr'><strong>appellationem</strong></span> <span class='ocrx_word' id='word_1_33' title='bbox 1214 890 1402 976; x_wconf 79' lang='lat' dir='ltr'><strong>usurpavit3</strong></span> 
     </span>
     <span class='ocr_line' id='line_1_6' title="bbox 175 990 1402 1081; baseline 0.001 -20"><span class='ocrx_word' id='word_1_34' title='bbox 175 990 216 1061; x_wconf 82' lang='lat' dir='ltr'><strong>ci.</strong></span> <span class='ocrx_word' id='word_1_35' title='bbox 240 993 390 1080; x_wconf 81' lang='lat' dir='ltr'><strong>Melamp.</strong></span> <span class='ocrx_word' id='word_1_36' title='bbox 415 1013 473 1060; x_wconf 91' lang='lat' dir='ltr'><strong>seu</strong></span> <span class='ocrx_word' id='word_1_37' title='bbox 493 992 645 1062; x_wconf 91' lang='lat' dir='ltr'><strong>Diomed.</strong></span> <span class='ocrx_word' id='word_1_38' title='bbox 669 995 705 1060; x_wconf 92' lang='lat' dir='ltr'><strong>in</strong></span> <span class='ocrx_word' id='word_1_39' title='bbox 729 995 871 1062; x_wconf 87' lang='lat' dir='ltr'><strong>Bekkeri</strong></span> <span class='ocrx_word' id='word_1_40' title='bbox 894 996 953 1061; x_wconf 88' lang='lat' dir='ltr'><strong>An.</strong></span> <span class='ocrx_word' id='word_1_41' title='bbox 975 995 1029 1062; x_wconf 82' lang='lat' dir='ltr'><strong>Gr.</strong></span> <span class='ocrx_word' id='word_1_42' title='bbox 1045 996 1108 1062; x_wconf 92' lang='lat' dir='ltr'><strong>vol.</strong></span> <span class='ocrx_word' id='word_1_43' title='bbox 1124 996 1156 1060; x_wconf 93' lang='lat' dir='ltr'><strong>lI</strong></span> <span class='ocrx_word' id='word_1_44' title='bbox 1180 998 1291 1081; x_wconf 79' lang='grc'><strong>801,7</strong></span> <span class='ocrx_word' id='word_1_45' title='bbox 1316 996 1402 1078; x_wconf 83' lang='lat' dir='ltr'><strong>(coll.</strong></span> 
     </span>
    </p>
   </div>
   <div class='ocr_carea' id='block_1_4' title="bbox 45 1098 1402 1190">
    <p class='ocr_par' dir='ltr' id='par_1_4' title="bbox 45 1098 1402 1190">
     <span class='ocr_line' id='line_1_7' title="bbox 45 1098 1402 1190; baseline 0.004 -26"><span class='ocrx_word' id='word_1_46' title='bbox 45 1099 47 1104; x_wconf 76' lang='grc'><strong>’</strong></span> <span class='ocrx_word' id='word_1_47' title='bbox 173 1100 418 1180; x_wconf 68' lang='lat' dir='ltr'><strong>vomuntur</strong></span> <span class='ocrx_word' id='word_1_48' title='bbox 441 1099 469 1166; x_wconf 83' lang='lat' dir='ltr'><strong>ol</strong></span> <span class='ocrx_word' id='word_1_49' title='bbox 483 1103 515 1166; x_wconf 84' lang='grc' dir='ltr'>δὲ</span> <span class='ocrx_word' id='word_1_50' title='bbox 528 1101 690 1188; x_wconf 77' lang='grc' dir='ltr'>ὠνόμασαν</span> <span class='ocrx_word' id='word_1_51' title='bbox 713 1098 791 1166; x_wconf 79' lang='grc' dir='ltr'>αὐτὰ</span> <span class='ocrx_word' id='word_1_52' title='bbox 814 1102 949 1189; x_wconf 77' lang='grc' dir='ltr'>δίχρονα,</span> <span class='ocrx_word' id='word_1_53' title='bbox 974 1100 1059 1188; x_wconf 79' lang='grc' dir='ltr'>ὅπερ</span> <span class='ocrx_word' id='word_1_54' title='bbox 1080 1106 1144 1169; x_wconf 73' lang='grc' dir='ltr'>καί</span> <span class='ocrx_word' id='word_1_55' title='bbox 1164 1103 1402 1190; x_wconf 77' lang='grc' dir='ltr'>ἐπεκράτησε.</span> 
     </span>
    </p>
   </div>
   <div class='ocr_carea' id='block_1_5' title="bbox 164 1209 1403 3319">
    <p class='ocr_par' dir='ltr' id='par_1_5' title="bbox 172 1209 1403 1596">
     <span class='ocr_line' id='line_1_8' title="bbox 173 1209 1403 1296; baseline 0.002 -24"><span class='ocrx_word' id='word_1_56' title='bbox 173 1211 246 1274; x_wconf 85' lang='grc' dir='ltr'>ποτὲ</span> <span class='ocrx_word' id='word_1_57' title='bbox 268 1211 326 1294; x_wconf 75' lang='grc' dir='ltr'><strong>γὰρ</strong></span> <span class='ocrx_word' id='word_1_58' title='bbox 348 1211 399 1275; x_wconf 82' lang='grc' dir='ltr'><strong>τὸν</strong></span> <span class='ocrx_word' id='word_1_59' title='bbox 421 1213 532 1296; x_wconf 85' lang='grc' dir='ltr'>χρόνον</span> <span class='ocrx_word' id='word_1_60' title='bbox 555 1221 612 1296; x_wconf 66' lang='grc' dir='ltr'><strong>τῆς</strong></span> <span class='ocrx_word' id='word_1_61' title='bbox 634 1219 755 1295; x_wconf 73' lang='grc' dir='ltr'>μακρᾶς</span> <span class='ocrx_word' id='word_1_62' title='bbox 777 1209 837 1290; x_wconf 81' lang='lat' dir='ltr'><strong>(sc.</strong></span> <span class='ocrx_word' id='word_1_63' title='bbox 861 1209 1059 1295; x_wconf 76' lang='grc' dir='ltr'>προσῳδίας),</span> <span class='ocrx_word' id='word_1_64' title='bbox 1088 1214 1162 1275; x_wconf 73' lang='grc' dir='ltr'>ποσί</span> <span class='ocrx_word' id='word_1_65' title='bbox 1189 1212 1221 1275; x_wconf 83' lang='grc' dir='ltr'>δὲ</span> <span class='ocrx_word' id='word_1_66' title='bbox 1246 1221 1301 1296; x_wconf 72' lang='grc' dir='ltr'><strong>της</strong></span> <span class='ocrx_word' id='word_1_67' title='bbox 1329 1212 1347 1293; x_wconf 89' lang='grc' dir='ltr'>β</span> <span class='ocrx_word' id='word_1_68' title='bbox 1386 1244 1403 1258; x_wconf 88' lang='grc'>·</span> 
     </span>
     <span class='ocr_line' id='line_1_9' title="bbox 172 1311 1403 1403; baseline 0.003 -25"><span class='ocrx_word' id='word_1_69' title='bbox 172 1319 260 1401; x_wconf 90' lang='grc' dir='ltr'>χείας</span> <span class='ocrx_word' id='word_1_70' title='bbox 283 1315 342 1395; x_wconf 74' lang='lat' dir='ltr'><strong>(sc.</strong></span> <span class='ocrx_word' id='word_1_71' title='bbox 356 1315 540 1401; x_wconf 79' lang='grc' dir='ltr'>προσῳδίας)</span> <span class='ocrx_word' id='word_1_72' title='bbox 562 1314 758 1403; x_wconf 79' lang='grc' dir='ltr'>ἐπδὲχονται,</span> <span class='ocrx_word' id='word_1_73' title='bbox 782 1312 855 1400; x_wconf 80' lang='grc' dir='ltr'>ὅπερ</span> <span class='ocrx_word' id='word_1_74' title='bbox 878 1319 933 1379; x_wconf 79' lang='grc' dir='ltr'><strong>καὶ</strong></span> <span class='ocrx_word' id='word_1_75' title='bbox 955 1311 1046 1389; x_wconf 69' lang='lat' dir='ltr'><strong>ubre&lt;</strong></span> <span class='ocrx_word' id='word_1_76' title='bbox 1062 1338 1136 1402; x_wconf 82' lang='grc' dir='ltr'>φησι</span> <span class='ocrx_word' id='word_1_77' title='bbox 1150 1319 1208 1398; x_wconf 83' lang='lat' dir='ltr'><strong>(uc</strong></span> <span class='ocrx_word' id='word_1_78' title='bbox 1223 1316 1403 1400; x_wconf 82' lang='lat' dir='ltr'><strong>Dionysius</strong></span> 
     </span>
     <span class='ocr_line' id='line_1_10' title="bbox 172 1419 1403 1510; baseline 0.004 -26"><span class='ocrx_word' id='word_1_79' title='bbox 172 1419 284 1485; x_wconf 80' lang='lat' dir='ltr'><strong>Thrax</strong></span> <span class='ocrx_word' id='word_1_80' title='bbox 305 1442 337 1507; x_wconf 88' lang='lat' dir='ltr'><strong>p.</strong></span> <span class='ocrx_word' id='word_1_81' title='bbox 363 1422 415 1500; x_wconf 91' lang='grc'><strong>10,</strong></span> <span class='ocrx_word' id='word_1_82' title='bbox 439 1422 461 1489; x_wconf 79' lang='lat'><strong>2</strong></span> <span class='ocrx_word' id='word_1_83' title='bbox 484 1419 535 1488; x_wconf 86' lang='lat' dir='ltr'><strong>ed.</strong></span> <span class='ocrx_word' id='word_1_84' title='bbox 560 1420 655 1506; x_wconf 78' lang='lat' dir='ltr'><strong>Ubi),</strong></span> <span class='ocrx_word' id='word_1_85' title='bbox 684 1424 734 1487; x_wconf 84' lang='grc' dir='ltr'>διὰ</span> <span class='ocrx_word' id='word_1_86' title='bbox 756 1430 843 1487; x_wconf 81' lang='grc' dir='ltr'>τοῦτο</span> <span class='ocrx_word' id='word_1_87' title='bbox 866 1419 1007 1508; x_wconf 70' lang='grc' dir='ltr'>εἰρῆσθαι</span> <span class='ocrx_word' id='word_1_88' title='bbox 1030 1422 1157 1510; x_wconf 85' lang='grc' dir='ltr'>δίχρονα</span> <span class='ocrx_word' id='word_1_89' title='bbox 1176 1421 1255 1504; x_wconf 73' lang='grc' dir='ltr'>,ἐπεὶ</span> <span class='ocrx_word' id='word_1_90' title='bbox 1277 1421 1403 1489; x_wconf 77' lang='grc' dir='ltr'>ἐκτείνε-</span> 
     </span>
     <span class='ocr_line' id='line_1_11' title="bbox 173 1529 525 1596; baseline 0.014 -5"><span class='ocrx_word' id='word_1_91' title='bbox 173 1550 220 1592; x_wconf 86' lang='grc' dir='ltr'><strong>ται</strong></span> <span class='ocrx_word' id='word_1_92' title='bbox 242 1532 295 1593; x_wconf 82' lang='grc' dir='ltr'><strong>καὶ</strong></span> <span class='ocrx_word' id='word_1_93' title='bbox 317 1529 525 1596; x_wconf 68' lang='lat' dir='ltr'><strong>convelleret.</strong></span> 
     </span>
    </p>

    <p class='ocr_par' dir='ltr' id='par_1_6' title="bbox 164 1632 1401 3319">
     <span class='ocr_line' id='line_1_12' title="bbox 261 1632 1401 1722; baseline 0.004 -24"><span class='ocrx_word' id='word_1_94' title='bbox 261 1633 499 1721; x_wconf 87' lang='lat' dir='ltr'><strong>Appellationis</strong></span> <span class='ocrx_word' id='word_1_95' title='bbox 517 1636 646 1722; x_wconf 81' lang='grc' dir='ltr'>δίχρονα</span> <span class='ocrx_word' id='word_1_96' title='bbox 659 1633 724 1698; x_wconf 85' lang='lat' dir='ltr'><strong>vim</strong></span> <span class='ocrx_word' id='word_1_97' title='bbox 739 1632 1002 1700; x_wconf 71' lang='lat' dir='ltr'><strong>circumscribere</strong></span> <span class='ocrx_word' id='word_1_98' title='bbox 1020 1633 1151 1700; x_wconf 91' lang='lat' dir='ltr'><strong>saeculo</strong></span> <span class='ocrx_word' id='word_1_99' title='bbox 1167 1632 1401 1702; x_wconf 90' lang='lat' dir='ltr'><strong>decimotertio</strong></span> 
     </span>
     <span class='ocr_line' id='line_1_13' title="bbox 172 1737 1399 1809; baseline 0.002 -3"><span class='ocrx_word' id='word_1_100' title='bbox 172 1746 310 1806; x_wconf 84' lang='lat' dir='ltr'><strong>exeunte</strong></span> <span class='ocrx_word' id='word_1_101' title='bbox 333 1738 456 1807; x_wconf 82' lang='lat' dir='ltr'><strong>studuit</strong></span> <span class='ocrx_word' id='word_1_102' title='bbox 478 1739 702 1806; x_wconf 89' lang='lat' dir='ltr'><strong>Demetrius</strong></span> <span class='ocrx_word' id='word_1_103' title='bbox 724 1739 952 1807; x_wconf 79' lang='lat' dir='ltr'><strong>Triclinius.</strong></span> <span class='ocrx_word' id='word_1_104' title='bbox 987 1737 1021 1806; x_wconf 92' lang='lat' dir='ltr'><strong>Is</strong></span> <span class='ocrx_word' id='word_1_105' title='bbox 1045 1741 1128 1806; x_wconf 94' lang='lat' dir='ltr'><strong>enim</strong></span> <span class='ocrx_word' id='word_1_106' title='bbox 1152 1740 1263 1808; x_wconf 90' lang='lat' dir='ltr'><strong>docuit</strong></span> <span class='ocrx_word' id='word_1_107' title='bbox 1284 1761 1399 1809; x_wconf 92' lang='lat' dir='ltr'><strong>nomen</strong></span> 
     </span>
     <span class='ocr_line' id='line_1_14' title="bbox 171 1844 1400 1934; baseline 0.005 -23"><span class='ocrx_word' id='word_1_108' title='bbox 171 1848 294 1934; x_wconf 84' lang='grc' dir='ltr'>δίχρονα</span> <span class='ocrx_word' id='word_1_109' title='bbox 321 1846 391 1912; x_wconf 92' lang='lat' dir='ltr'><strong>iure</strong></span> <span class='ocrx_word' id='word_1_110' title='bbox 418 1865 458 1913; x_wconf 87' lang='lat' dir='ltr'><strong>ac</strong></span> <span class='ocrx_word' id='word_1_111' title='bbox 488 1846 602 1912; x_wconf 91' lang='lat' dir='ltr'><strong>merito</strong></span> <span class='ocrx_word' id='word_1_112' title='bbox 629 1844 699 1912; x_wconf 92' lang='lat' dir='ltr'><strong>indi</strong></span> <span class='ocrx_word' id='word_1_113' title='bbox 727 1845 775 1912; x_wconf 89' lang='lat' dir='ltr'><strong>eis</strong></span> <span class='ocrx_word' id='word_1_114' title='bbox 801 1844 899 1912; x_wconf 93' lang='lat' dir='ltr'><strong>modo</strong></span> <span class='ocrx_word' id='word_1_115' title='bbox 927 1847 1094 1920; x_wconf 86' lang='lat' dir='ltr'><strong>vocalibus</strong></span> <span class='ocrx_word' id='word_1_116' title='bbox 1121 1852 1211 1932; x_wconf 72' lang='lat' dir='ltr'><strong>Ait,</strong></span> <span class='ocrx_word' id='word_1_117' title='bbox 1240 1868 1325 1932; x_wconf 86' lang='lat' dir='ltr'><strong>quae</strong></span> <span class='ocrx_word' id='word_1_118' title='bbox 1353 1849 1400 1916; x_wconf 91' lang='lat' dir='ltr'><strong>in-</strong></span> 
     </span>
     <span class='ocr_line' id='line_1_15' title="bbox 170 1951 1398 2039; baseline 0.003 -21"><span class='ocrx_word' id='word_1_119' title='bbox 170 1959 281 2020; x_wconf 89' lang='lat' dir='ltr'><strong>essent</strong></span> <span class='ocrx_word' id='word_1_120' title='bbox 303 1953 352 2019; x_wconf 89' lang='lat' dir='ltr'><strong>eis</strong></span> <span class='ocrx_word' id='word_1_121' title='bbox 373 1953 542 2020; x_wconf 80' lang='lat' dir='ltr'><strong>vocabulis</strong></span> <span class='ocrx_word' id='word_1_122' title='bbox 574 1973 709 2037; x_wconf 86' lang='lat' dir='ltr'><strong>qnorum</strong></span> <span class='ocrx_word' id='word_1_123' title='bbox 741 1951 888 2037; x_wconf 79' lang='lat' dir='ltr'><strong>syllabas</strong></span> <span class='ocrx_word' id='word_1_124' title='bbox 918 1961 1046 2020; x_wconf 87' lang='lat' dir='ltr'><strong>veteres</strong></span> <span class='ocrx_word' id='word_1_125' title='bbox 1078 1962 1197 2039; x_wconf 86' lang='lat' dir='ltr'><strong>poetae</strong></span> <span class='ocrx_word' id='word_1_126' title='bbox 1229 1954 1274 2020; x_wconf 88' lang='lat' dir='ltr'><strong>ad</strong></span> <span class='ocrx_word' id='word_1_127' title='bbox 1307 1976 1398 2022; x_wconf 91' lang='lat' dir='ltr'><strong>sunm</strong></span> 
     </span>
     <span class='ocr_line' id='line_1_16' title="bbox 169 2057 1399 2145; baseline 0.004 -21"><span class='ocrx_word' id='word_1_128' title='bbox 169 2058 337 2125; x_wconf 81' lang='lat' dir='ltr'><strong>arbitrium</strong></span> <span class='ocrx_word' id='word_1_129' title='bbox 359 2058 639 2145; x_wconf 87' lang='lat' dir='ltr'><strong>ponderavisseut,</strong></span> <span class='ocrx_word' id='word_1_130' title='bbox 662 2057 857 2144; x_wconf 89' lang='lat' dir='ltr'><strong>reliquorum</strong></span> <span class='ocrx_word' id='word_1_131' title='bbox 882 2066 990 2127; x_wconf 87' lang='lat' dir='ltr'><strong>autem</strong></span> <span class='ocrx_word' id='word_1_132' title='bbox 1013 2060 1243 2127; x_wconf 88' lang='lat' dir='ltr'><strong>vocabulorum</strong></span> <span class='ocrx_word' id='word_1_133' title='bbox 1265 2062 1399 2130; x_wconf 85' lang='lat' dir='ltr'><strong>vocales</strong></span> 
     </span>
     <span class='ocr_line' id='line_1_17' title="bbox 169 2165 1398 2254; baseline 0.002 -22"><span class='ocrx_word' id='word_1_134' title='bbox 169 2169 252 2225; x_wconf 74' lang='lat' dir='ltr'><strong>Ali·</strong></span> <span class='ocrx_word' id='word_1_135' title='bbox 274 2166 408 2232; x_wconf 79' lang='lat' dir='ltr'><strong>abusive</strong></span> <span class='ocrx_word' id='word_1_136' title='bbox 431 2167 553 2254; x_wconf 84' lang='grc' dir='ltr'>δίχρονα</span> <span class='ocrx_word' id='word_1_137' title='bbox 576 2165 747 2251; x_wconf 88' lang='lat' dir='ltr'><strong>appellari,</strong></span> <span class='ocrx_word' id='word_1_138' title='bbox 771 2166 926 2249; x_wconf 87' lang='lat' dir='ltr'><strong>quoniam</strong></span> <span class='ocrx_word' id='word_1_139' title='bbox 948 2165 1062 2232; x_wconf 87' lang='lat' dir='ltr'><strong>barum</strong></span> <span class='ocrx_word' id='word_1_140' title='bbox 1084 2167 1247 2234; x_wconf 87' lang='lat' dir='ltr'><strong>vocalium</strong></span> <span class='ocrx_word' id='word_1_141' title='bbox 1271 2169 1398 2252; x_wconf 87' lang='lat' dir='ltr'><strong>quanti·</strong></span> 
     </span>
     <span class='ocr_line' id='line_1_18' title="bbox 168 2259 1396 2361; baseline 0.001 -22"><span class='ocrx_word' id='word_1_142' title='bbox 168 2279 255 2341; x_wconf 84' lang='lat' dir='ltr'><strong>tates</strong></span> <span class='ocrx_word' id='word_1_143' title='bbox 278 2280 387 2339; x_wconf 89' lang='lat' dir='ltr'><strong>essent</strong></span> <span class='ocrx_word' id='word_1_144' title='bbox 410 2259 541 2354; x_wconf 53' lang='lat' dir='ltr'><strong>certae}</strong></span> <span class='ocrx_word' id='word_1_145' title='bbox 559 2270 600 2341; x_wconf 87' lang='lat' dir='ltr'><strong>cf.</strong></span> <span class='ocrx_word' id='word_1_146' title='bbox 624 2272 771 2339; x_wconf 79' lang='lat' dir='ltr'><strong>Triclinii</strong></span> <span class='ocrx_word' id='word_1_147' title='bbox 795 2271 941 2340; x_wconf 89' lang='lat' dir='ltr'><strong>scholion</strong></span> <span class='ocrx_word' id='word_1_148' title='bbox 965 2272 1008 2339; x_wconf 87' lang='lat' dir='ltr'><strong>ad</strong></span> <span class='ocrx_word' id='word_1_149' title='bbox 1033 2272 1187 2360; x_wconf 79' lang='lat' dir='ltr'><strong>Aeschyli</strong></span> <span class='ocrx_word' id='word_1_150' title='bbox 1211 2274 1343 2361; x_wconf 84' lang='lat' dir='ltr'><strong>Septem</strong></span> <span class='ocrx_word' id='word_1_151' title='bbox 1365 2296 1396 2340; x_wconf 91' lang='lat' dir='ltr'><strong>v.</strong></span> 
     </span>
     <span class='ocr_line' id='line_1_19' title="bbox 168 2378 1398 2470; baseline -0.001 -22"><span class='ocrx_word' id='word_1_152' title='bbox 168 2383 231 2448; x_wconf 89' lang='grc'><strong>911</strong></span> <span class='ocrx_word' id='word_1_153' title='bbox 257 2380 303 2459; x_wconf 86' lang='lat' dir='ltr'><strong>(in</strong></span> <span class='ocrx_word' id='word_1_154' title='bbox 326 2378 490 2463; x_wconf 78' lang='lat' dir='ltr'><strong>Philologi</strong></span> <span class='ocrx_word' id='word_1_155' title='bbox 511 2378 575 2447; x_wconf 92' lang='lat' dir='ltr'><strong>vol.</strong></span> <span class='ocrx_word' id='word_1_156' title='bbox 599 2378 680 2444; x_wconf 86' lang='lat' dir='ltr'><strong>XXI</strong></span> <span class='ocrx_word' id='word_1_157' title='bbox 701 2400 733 2465; x_wconf 91' lang='lat' dir='ltr'><strong>p.</strong></span> <span class='ocrx_word' id='word_1_158' title='bbox 758 2379 838 2462; x_wconf 79' lang='lat'>219)</span> <span class='ocrx_word' id='word_1_159' title='bbox 868 2378 909 2444; x_wconf 88' lang='lat' dir='ltr'><strong>de</strong></span> <span class='ocrx_word' id='word_1_160' title='bbox 932 2400 1013 2446; x_wconf 90' lang='lat' dir='ltr'><strong>voce</strong></span> <span class='ocrx_word' id='word_1_161' title='bbox 1034 2381 1164 2467; x_wconf 82' lang='grc' dir='ltr'>Ἀρης·</span> <span class='ocrx_word' id='word_1_162' title='bbox 1192 2378 1313 2470; x_wconf 63' lang='lat' dir='ltr'><strong>suppar</strong></span> <span class='ocrx_word' id='word_1_163' title='bbox 1340 2385 1398 2466; x_wconf 78' lang='grc' dir='ltr'><strong>γὰρ</strong></span> 
     </span>
     <span class='ocr_line' id='line_1_20' title="bbox 166 2486 1398 2575; baseline 0 -23"><span class='ocrx_word' id='word_1_164' title='bbox 166 2492 220 2552; x_wconf 80' lang='grc' dir='ltr'>καί</span> <span class='ocrx_word' id='word_1_165' title='bbox 242 2490 358 2574; x_wconf 79' lang='grc' dir='ltr'>μακρὸν</span> <span class='ocrx_word' id='word_1_166' title='bbox 379 2489 433 2552; x_wconf 79' lang='grc' dir='ltr'><strong>παὶ</strong></span> <span class='ocrx_word' id='word_1_167' title='bbox 455 2487 552 2573; x_wconf 82' lang='grc' dir='ltr'>βραχὺ</span> <span class='ocrx_word' id='word_1_168' title='bbox 573 2489 607 2552; x_wconf 81' lang='lat' dir='ltr'><strong>rb</strong></span> <span class='ocrx_word' id='word_1_169' title='bbox 630 2495 684 2552; x_wconf 81' lang='grc' dir='ltr'>τοῦ</span> <span class='ocrx_word' id='word_1_170' title='bbox 699 2486 815 2572; x_wconf 78' lang='grc' dir='ltr'>Ἄρεος</span> <span class='ocrx_word' id='word_1_171' title='bbox 839 2496 873 2571; x_wconf 89' lang='lat' dir='ltr'><strong>A,</strong></span> <span class='ocrx_word' id='word_1_172' title='bbox 906 2488 923 2552; x_wconf 90' lang='grc' dir='ltr'>δ</span> <span class='ocrx_word' id='word_1_173' title='bbox 949 2491 1011 2552; x_wconf 78' lang='grc' dir='ltr'>καί</span> <span class='ocrx_word' id='word_1_174' title='bbox 1043 2492 1175 2572; x_wconf 75' lang='grc' dir='ltr'>κυρίως</span> <span class='ocrx_word' id='word_1_175' title='bbox 1205 2486 1276 2569; x_wconf 59' lang='grc' dir='ltr'><strong>ἐγώ</strong></span> <span class='ocrx_word' id='word_1_176' title='bbox 1307 2510 1398 2575; x_wconf 81' lang='grc' dir='ltr'>φημι</span> 
     </span>
     <span class='ocr_line' id='line_1_21' title="bbox 167 2591 1396 2682; baseline -0.001 -21"><span class='ocrx_word' id='word_1_177' title='bbox 167 2592 417 2681; x_wconf 75' lang='grc' dir='ltr'>ὀνομάζεσθαι</span> <span class='ocrx_word' id='word_1_178' title='bbox 448 2594 619 2682; x_wconf 88' lang='grc' dir='ltr'>δίχρονον</span> <span class='ocrx_word' id='word_1_179' title='bbox 649 2598 702 2659; x_wconf 78' lang='grc' dir='ltr'>καί</span> <span class='ocrx_word' id='word_1_180' title='bbox 733 2591 833 2660; x_wconf 78' lang='grc' dir='ltr'>τᾶλλα</span> <span class='ocrx_word' id='word_1_181' title='bbox 863 2598 901 2660; x_wconf 84' lang='grc' dir='ltr'><strong>τὰ</strong></span> <span class='ocrx_word' id='word_1_182' title='bbox 932 2599 1129 2682; x_wconf 76' lang='grc' dir='ltr'>παραπλήσια</span> <span class='ocrx_word' id='word_1_183' title='bbox 1162 2601 1194 2661; x_wconf 93' lang='lat' dir='ltr'><strong>et</strong></span> <span class='ocrx_word' id='word_1_184' title='bbox 1222 2593 1324 2662; x_wconf 84' lang='lat' dir='ltr'><strong>schol.</strong></span> <span class='ocrx_word' id='word_1_185' title='bbox 1352 2595 1396 2661; x_wconf 83' lang='lat' dir='ltr'><strong>ad</strong></span> 
     </span>
     <span class='ocr_line' id='line_1_22' title="bbox 166 2699 1395 2787; baseline -0.001 -18"><span class='ocrx_word' id='word_1_186' title='bbox 166 2700 263 2787; x_wconf 87' lang='lat' dir='ltr'><strong>Sopb.</strong></span> <span class='ocrx_word' id='word_1_187' title='bbox 288 2699 369 2767; x_wconf 88' lang='lat' dir='ltr'><strong>Oed.</strong></span> <span class='ocrx_word' id='word_1_188' title='bbox 391 2700 472 2784; x_wconf 83' lang='lat' dir='ltr'><strong>Reg.</strong></span> <span class='ocrx_word' id='word_1_189' title='bbox 495 2722 525 2766; x_wconf 92' lang='lat' dir='ltr'><strong>v.</strong></span> <span class='ocrx_word' id='word_1_190' title='bbox 552 2702 617 2769; x_wconf 70' lang='lat'><strong>879</strong></span> <span class='ocrx_word' id='word_1_191' title='bbox 640 2701 686 2783; x_wconf 92' lang='lat' dir='ltr'><strong>(iu</strong></span> <span class='ocrx_word' id='word_1_192' title='bbox 710 2699 963 2786; x_wconf 88' lang='lat' dir='ltr'><strong>Sophoclearum</strong></span> <span class='ocrx_word' id='word_1_193' title='bbox 985 2699 1229 2784; x_wconf 81' lang='lat' dir='ltr'><strong>tragoediarum</strong></span> <span class='ocrx_word' id='word_1_194' title='bbox 1252 2700 1395 2768; x_wconf 85' lang='lat' dir='ltr'><strong>editione</strong></span> 
     </span>
     <span class='ocr_line' id='line_1_23' title="bbox 165 2804 1395 2895; baseline -0.002 -20"><span class='ocrx_word' id='word_1_195' title='bbox 165 2807 374 2891; x_wconf 80' lang='lat' dir='ltr'><strong>Tumebiaua</strong></span> <span class='ocrx_word' id='word_1_196' title='bbox 395 2828 427 2893; x_wconf 91' lang='lat' dir='ltr'><strong>p.</strong></span> <span class='ocrx_word' id='word_1_197' title='bbox 452 2809 506 2891; x_wconf 78' lang='lat' dir='ltr'><strong>tl,</strong></span> <span class='ocrx_word' id='word_1_198' title='bbox 524 2808 577 2887; x_wconf 83' lang='lat'><strong>18)</strong></span> <span class='ocrx_word' id='word_1_199' title='bbox 606 2805 648 2872; x_wconf 94' lang='lat' dir='ltr'><strong>de</strong></span> <span class='ocrx_word' id='word_1_200' title='bbox 670 2826 752 2873; x_wconf 88' lang='lat' dir='ltr'><strong>voce</strong></span> <span class='ocrx_word' id='word_1_201' title='bbox 774 2811 901 2881; x_wconf 75' lang='grc' dir='ltr'>καλός·</span> <span class='ocrx_word' id='word_1_202' title='bbox 926 2805 1021 2873; x_wconf 72' lang='grc' dir='ltr'>ἔοικεν</span> <span class='ocrx_word' id='word_1_203' title='bbox 1044 2804 1094 2873; x_wconf 75' lang='grc' dir='ltr'>οὖν</span> <span class='ocrx_word' id='word_1_204' title='bbox 1118 2807 1302 2895; x_wconf 78' lang='grc' dir='ltr'>ἀμφοτέρους</span> <span class='ocrx_word' id='word_1_205' title='bbox 1325 2811 1395 2884; x_wconf 82' lang='grc' dir='ltr'>τοὺς</span> 
     </span>
     <span class='ocr_line' id='line_1_24' title="bbox 165 2912 1396 3003; baseline 0.001 -23"><span class='ocrx_word' id='word_1_206' title='bbox 165 2921 295 3003; x_wconf 83' lang='grc' dir='ltr'>χρόνους</span> <span class='ocrx_word' id='word_1_207' title='bbox 314 2919 368 2980; x_wconf 76' lang='grc' dir='ltr'><strong>καὶ</strong></span> <span class='ocrx_word' id='word_1_208' title='bbox 390 2924 479 2980; x_wconf 79' lang='grc' dir='ltr'>τοῦτο</span> <span class='ocrx_word' id='word_1_209' title='bbox 502 2915 654 3001; x_wconf 66' lang='grc' dir='ltr'>δέχεσθαι,</span> <span class='ocrx_word' id='word_1_210' title='bbox 678 2915 694 2980; x_wconf 93' lang='grc' dir='ltr'>δ</span> <span class='ocrx_word' id='word_1_211' title='bbox 717 2918 778 2980; x_wconf 76' lang='grc' dir='ltr'><strong>καὶ</strong></span> <span class='ocrx_word' id='word_1_212' title='bbox 799 2919 934 3000; x_wconf 79' lang='grc' dir='ltr'>κυρίως</span> <span class='ocrx_word' id='word_1_213' title='bbox 956 2912 1024 2994; x_wconf 74' lang='grc' dir='ltr'><strong>ἐγώ</strong></span> <span class='ocrx_word' id='word_1_214' title='bbox 1047 2937 1136 3002; x_wconf 82' lang='grc' dir='ltr'>φημι</span> <span class='ocrx_word' id='word_1_215' title='bbox 1159 2916 1326 3001; x_wconf 89' lang='grc' dir='ltr'>δίχρονον</span> <span class='ocrx_word' id='word_1_216' title='bbox 1349 2915 1396 2989; x_wconf 84' lang='grc' dir='ltr'><strong>ὡς</strong></span> 
     </span>
     <span class='ocr_line' id='line_1_25' title="bbox 166 3018 1395 3111; baseline 0 -24"><span class='ocrx_word' id='word_1_217' title='bbox 166 3022 391 3111; x_wconf 76' lang='grc' dir='ltr'>ἀμφοτέρους</span> <span class='ocrx_word' id='word_1_218' title='bbox 415 3022 494 3094; x_wconf 82' lang='grc' dir='ltr'>τοὺς</span> <span class='ocrx_word' id='word_1_219' title='bbox 517 3026 670 3107; x_wconf 89' lang='grc' dir='ltr'>χρόνους</span> <span class='ocrx_word' id='word_1_220' title='bbox 694 3022 905 3108; x_wconf 78' lang='grc' dir='ltr'>δεχόμενον·</span> <span class='ocrx_word' id='word_1_221' title='bbox 927 3029 1059 3086; x_wconf 78' lang='grc' dir='ltr'>τοιοῦτον</span> <span class='ocrx_word' id='word_1_222' title='bbox 1080 3025 1138 3106; x_wconf 69' lang='grc' dir='ltr'><strong>γὰρ</strong></span> <span class='ocrx_word' id='word_1_223' title='bbox 1159 3026 1213 3087; x_wconf 78' lang='grc' dir='ltr'><strong>παὶ</strong></span> <span class='ocrx_word' id='word_1_224' title='bbox 1235 3025 1271 3087; x_wconf 79' lang='lat' dir='ltr'><strong>cb</strong></span> <span class='ocrx_word' id='word_1_225' title='bbox 1293 3018 1395 3109; x_wconf 78' lang='grc' dir='ltr'>ὑμεῖς</span> 
     </span>
     <span class='ocr_line' id='line_1_26' title="bbox 164 3124 1393 3214; baseline -0.001 -19"><span class='ocrx_word' id='word_1_226' title='bbox 164 3133 218 3195; x_wconf 75' lang='grc' dir='ltr'>καί</span> <span class='ocrx_word' id='word_1_227' title='bbox 244 3132 277 3194; x_wconf 78' lang='lat' dir='ltr'><strong>rb</strong></span> <span class='ocrx_word' id='word_1_228' title='bbox 306 3126 374 3214; x_wconf 80' lang='grc' dir='ltr'><strong>ἀήρ</strong></span> <span class='ocrx_word' id='word_1_229' title='bbox 402 3132 455 3193; x_wconf 73' lang='grc' dir='ltr'>καί</span> <span class='ocrx_word' id='word_1_230' title='bbox 481 3124 573 3213; x_wconf 78' lang='grc' dir='ltr'>δδυρ</span> <span class='ocrx_word' id='word_1_231' title='bbox 601 3132 655 3193; x_wconf 72' lang='grc' dir='ltr'>καί</span> <span class='ocrx_word' id='word_1_232' title='bbox 680 3126 775 3211; x_wconf 80' lang='grc' dir='ltr'>ἱερός</span> <span class='ocrx_word' id='word_1_233' title='bbox 801 3132 854 3192; x_wconf 83' lang='grc' dir='ltr'><strong>καὶ</strong></span> <span class='ocrx_word' id='word_1_234' title='bbox 881 3131 919 3193; x_wconf 85' lang='grc' dir='ltr'><strong>τὰ</strong></span> <span class='ocrx_word' id='word_1_235' title='bbox 946 3137 1078 3193; x_wconf 80' lang='grc' dir='ltr'>τοιαῦτα.</span> <span class='ocrx_word' id='word_1_236' title='bbox 1125 3124 1173 3193; x_wconf 85' lang='lat' dir='ltr'><strong>Cf.</strong></span> <span class='ocrx_word' id='word_1_237' title='bbox 1198 3127 1297 3194; x_wconf 88' lang='lat' dir='ltr'><strong>etiarn</strong></span> <span class='ocrx_word' id='word_1_238' title='bbox 1320 3147 1393 3213; x_wconf 85' lang='lat' dir='ltr'><strong>cap.</strong></span> 
     </span>
     <span class='ocr_line' id='line_1_27' title="bbox 164 3234 298 3319; baseline -0.015 -18"><span class='ocrx_word' id='word_1_239' title='bbox 164 3234 235 3319; x_wconf 90' lang='lat' dir='ltr'>VII,</span> <span class='ocrx_word' id='word_1_240' title='bbox 256 3234 298 3299; x_wconf 93' lang='grc' dir='ltr'><strong>Π.</strong></span> 
     </span>
    </p>
   </div>
   <div class='ocr_carea' id='block_1_6' title="bbox 645 3380 911 3387">
    <p class='ocr_par' dir='ltr' id='par_1_7' title="bbox 645 3380 911 3387">
     <span class='ocr_line' id='line_1_28' title="bbox 645 3380 911 3387; baseline 0.004 -1"><span class='ocrx_word' id='word_1_241' title='bbox 645 3380 911 3387; x_wconf 77' lang='lat'><em>——-.-——</em></span> 
     </span>
    </p>
   </div>
   <div class='ocr_carea' id='block_1_7' title="bbox 659 3578 894 3690">
    <p class='ocr_par' dir='ltr' id='par_1_8' title="bbox 659 3578 894 3690">
     <span class='ocr_line' id='line_1_29' title="bbox 659 3578 894 3690; baseline -0.009 -27"><span class='ocrx_word' id='word_1_242' title='bbox 659 3578 786 3690; x_wconf 75' lang='lat' dir='ltr'><strong>Capul</strong></span> <span class='ocrx_word' id='word_1_243' title='bbox 817 3578 894 3662; x_wconf 94' lang='grc' dir='ltr'><strong>ΙΙΙ.</strong></span> 
     </span>
    </p>
   </div>
   <div class='ocr_carea' id='block_1_8' title="bbox 243 3748 1310 3835">
    <p class='ocr_par' dir='ltr' id='par_1_9' title="bbox 243 3748 1310 3835">
     <span class='ocr_line' id='line_1_30' title="bbox 243 3748 1310 3835; baseline 0.002 -20"><span class='ocrx_word' id='word_1_244' title='bbox 243 3750 298 3816; x_wconf 87' lang='grc' dir='ltr'>Ι)ο</span> <span class='ocrx_word' id='word_1_245' title='bbox 321 3750 544 3816; x_wconf 84' lang='lat' dir='ltr'><strong>Ptolemaeo</strong></span> <span class='ocrx_word' id='word_1_246' title='bbox 568 3750 814 3835; x_wconf 82' lang='lat' dir='ltr'><strong>Ascalonita,</strong></span> <span class='ocrx_word' id='word_1_247' title='bbox 838 3748 1061 3835; x_wconf 79' lang='lat' dir='ltr'><strong>Tryphone,</strong></span> <span class='ocrx_word' id='word_1_248' title='bbox 1085 3749 1310 3817; x_wconf 88' lang='lat' dir='ltr'><strong>Heliodoro.</strong></span> 
     </span>
    </p>
   </div>
   <div class='ocr_carea' id='block_1_9' title="bbox 160 3890 1390 4297">
    <p class='ocr_par' dir='ltr' id='par_1_10' title="bbox 160 3890 1390 4297">
     <span class='ocr_line' id='line_1_31' title="bbox 251 3890 1389 3978; baseline 0.003 -21"><span class='ocrx_word' id='word_1_249' title='bbox 251 3890 337 3970; x_wconf 79' lang='lat' dir='ltr'><strong>Quid</strong></span> <span class='ocrx_word' id='word_1_250' title='bbox 369 3891 410 3959; x_wconf 91' lang='lat' dir='ltr'><strong>de</strong></span> <span class='ocrx_word' id='word_1_251' title='bbox 441 3891 602 3959; x_wconf 82' lang='lat' dir='ltr'><strong>vocalium</strong></span> <span class='ocrx_word' id='word_1_252' title='bbox 635 3896 717 3953; x_wconf 83' lang='grc' dir='ltr'><strong>ΑΙΤ</strong></span> <span class='ocrx_word' id='word_1_253' title='bbox 749 3912 809 3959; x_wconf 89' lang='lat' dir='ltr'><strong>usu</strong></span> <span class='ocrx_word' id='word_1_254' title='bbox 843 3891 983 3978; x_wconf 88' lang='lat' dir='ltr'><strong>poetico,</strong></span> <span class='ocrx_word' id='word_1_255' title='bbox 1015 3892 1173 3977; x_wconf 89' lang='lat' dir='ltr'><strong>imprimis</strong></span> <span class='ocrx_word' id='word_1_256' title='bbox 1205 3893 1389 3977; x_wconf 91' lang='lat' dir='ltr'><strong>Homerico,</strong></span> 
     </span>
     <span class='ocr_line' id='line_1_32' title="bbox 162 3997 1390 4084; baseline 0 -19"><span class='ocrx_word' id='word_1_257' title='bbox 162 3999 364 4083; x_wconf 82' lang='lat' dir='ltr'><strong>grammatici</strong></span> <span class='ocrx_word' id='word_1_258' title='bbox 387 3998 598 4065; x_wconf 79' lang='lat' dir='ltr'><strong>Alexandrini</strong></span> <span class='ocrx_word' id='word_1_259' title='bbox 630 3997 808 4083; x_wconf 86' lang='lat' dir='ltr'><strong>docuerint,</strong></span> <span class='ocrx_word' id='word_1_260' title='bbox 840 3999 981 4066; x_wconf 87' lang='lat' dir='ltr'><strong>maxime</strong></span> <span class='ocrx_word' id='word_1_261' title='bbox 1012 3999 1207 4084; x_wconf 88' lang='lat' dir='ltr'><strong>perspicitur</strong></span> <span class='ocrx_word' id='word_1_262' title='bbox 1236 4018 1255 4064; x_wconf 91' lang='lat' dir='ltr'><strong>e</strong></span> <span class='ocrx_word' id='word_1_263' title='bbox 1282 4000 1390 4065; x_wconf 91' lang='lat' dir='ltr'><strong>Ptole-</strong></span> 
     </span>
     <span class='ocr_line' id='line_1_33' title="bbox 161 4103 1389 4191; baseline 0 -20"><span class='ocrx_word' id='word_1_264' title='bbox 161 4106 247 4172; x_wconf 88' lang='lat' dir='ltr'><strong>maei</strong></span> <span class='ocrx_word' id='word_1_265' title='bbox 278 4104 498 4191; x_wconf 85' lang='lat' dir='ltr'><strong>Ascalonitae,</strong></span> <span class='ocrx_word' id='word_1_266' title='bbox 531 4105 725 4191; x_wconf 78' lang='lat' dir='ltr'><strong>Tryphonis,</strong></span> <span class='ocrx_word' id='word_1_267' title='bbox 759 4103 927 4171; x_wconf 91' lang='lat' dir='ltr'><strong>Heliodori</strong></span> <span class='ocrx_word' id='word_1_268' title='bbox 959 4104 1151 4189; x_wconf 81' lang='lat' dir='ltr'><strong>fragmentis</strong></span> <span class='ocrx_word' id='word_1_269' title='bbox 1184 4104 1389 4191; x_wconf 87' lang='lat' dir='ltr'><strong>quibusdam,</strong></span> 
     </span>
     <span class='ocr_line' id='line_1_34' title="bbox 160 4210 957 4297; baseline 0 -18"><span class='ocrx_word' id='word_1_270' title='bbox 160 4232 245 4297; x_wconf 86' lang='lat' dir='ltr'><strong>qnae</strong></span> <span class='ocrx_word' id='word_1_271' title='bbox 269 4214 310 4278; x_wconf 89' lang='lat' dir='ltr'><strong>ab</strong></span> <span class='ocrx_word' id='word_1_272' title='bbox 334 4211 505 4280; x_wconf 87' lang='lat' dir='ltr'><strong>Eustatbio</strong></span> <span class='ocrx_word' id='word_1_273' title='bbox 528 4212 704 4279; x_wconf 88' lang='lat' dir='ltr'><strong>memoriae</strong></span> <span class='ocrx_word' id='word_1_274' title='bbox 727 4210 848 4277; x_wconf 86' lang='lat' dir='ltr'><strong>tradita</strong></span> <span class='ocrx_word' id='word_1_275' title='bbox 872 4218 957 4279; x_wconf 91' lang='lat' dir='ltr'><strong>sunt.</strong></span> 
     </span>
    </p>
   </div>
   <div class='ocr_carea' id='block_1_10' title="bbox 159 4405 1388 4705">
    <p class='ocr_par' dir='ltr' id='par_1_11' title="bbox 159 4405 1388 4705">
     <span class='ocr_line' id='line_1_35' title="bbox 451 4405 1101 4474; baseline 0.002 -1"><span class='ocrx_word' id='word_1_276' title='bbox 451 4410 480 4473; x_wconf 90' lang='lat'><strong>1.</strong></span> <span class='ocrx_word' id='word_1_277' title='bbox 527 4408 582 4473; x_wconf 90' lang='lat' dir='ltr'><strong>De</strong></span> <span class='ocrx_word' id='word_1_278' title='bbox 607 4406 832 4474; x_wconf 89' lang='lat' dir='ltr'><strong>Ptolemaeo</strong></span> <span class='ocrx_word' id='word_1_279' title='bbox 855 4405 1101 4474; x_wconf 88' lang='lat' dir='ltr'><strong>Ascalonita.</strong></span> 
     </span>
     <span class='ocr_line' id='line_1_36' title="bbox 248 4512 1388 4597; baseline 0.002 -18"><span class='ocrx_word' id='word_1_280' title='bbox 248 4515 454 4582; x_wconf 86' lang='lat' dir='ltr'><strong>Ptolemaeus</strong></span> <span class='ocrx_word' id='word_1_281' title='bbox 480 4513 680 4588; x_wconf 83' lang='lat' dir='ltr'><strong>Ascalonita,</strong></span> <span class='ocrx_word' id='word_1_282' title='bbox 710 4532 773 4597; x_wconf 90' lang='lat' dir='ltr'><strong>quo</strong></span> <span class='ocrx_word' id='word_1_283' title='bbox 801 4532 896 4579; x_wconf 93' lang='lat' dir='ltr'><strong>nemo</strong></span> <span class='ocrx_word' id='word_1_284' title='bbox 924 4522 994 4580; x_wconf 90' lang='lat' dir='ltr'><strong>erat</strong></span> <span class='ocrx_word' id='word_1_285' title='bbox 1021 4513 1126 4579; x_wconf 87' lang='lat' dir='ltr'><strong>acrior</strong></span> <span class='ocrx_word' id='word_1_286' title='bbox 1159 4512 1388 4581; x_wconf 82' lang='lat' dir='ltr'><strong>Aristercbeae</strong></span> 
     </span>
     <span class='ocr_line' id='line_1_37' title="bbox 159 4619 1388 4705; baseline 0.001 -19"><span class='ocrx_word' id='word_1_287' title='bbox 159 4619 334 4705; x_wconf 83' lang='lat' dir='ltr'><strong>analogiae</strong></span> <span class='ocrx_word' id='word_1_288' title='bbox 366 4628 452 4687; x_wconf 91' lang='lat' dir='ltr'><strong>tutor</strong></span> <span class='ocrx_word' id='word_1_289' title='bbox 489 4629 588 4705; x_wconf 87' lang='lat' dir='ltr'><strong>atque</strong></span> <span class='ocrx_word' id='word_1_290' title='bbox 616 4620 783 4705; x_wconf 83' lang='lat' dir='ltr'><strong>defensor,</strong></span> <span class='ocrx_word' id='word_1_291' title='bbox 816 4620 925 4687; x_wconf 91' lang='lat' dir='ltr'><strong>iudice</strong></span> <span class='ocrx_word' id='word_1_292' title='bbox 955 4620 1178 4686; x_wconf 82' lang='lat' dir='ltr'><strong>Maximiliano</strong></span> <span class='ocrx_word' id='word_1_293' title='bbox 1209 4620 1321 4704; x_wconf 76' lang='lat' dir='ltr'><strong>Baege</strong></span> <span class='ocrx_word' id='word_1_294' title='bbox 1352 4620 1388 4687; x_wconf 94' lang='lat' dir='ltr'><strong>in</strong></span> 
     </span>
    </p>
   </div>
   <div class='ocr_carea' id='block_1_11' title="bbox 1208 4745 1226 4799">
    <p class='ocr_par' dir='ltr' id='par_1_12' title="bbox 1208 4745 1226 4799">
     <span class='ocr_line' id='line_1_38' title="bbox 1208 4745 1226 4799; baseline 0 0"><span class='ocrx_word' id='word_1_295' title='bbox 1208 4745 1226 4799; x_wconf 84' lang='lat'><strong>3</strong></span> 
     </span>
    </p>
   </div>
   <div class='ocr_carea' id='block_1_12' title="bbox 0 0 1734 5200">
    <p class='ocr_par' dir='ltr' id='par_1_13' title="bbox 0 0 1734 5200">
     <span class='ocr_line' id='line_1_39' title="bbox 0 0 1734 5200; baseline 0 6"><span class='ocrx_word' id='word_1_296' title='bbox 0 0 1734 5200; x_wconf 95' lang='lat' dir='ltr'><strong> </strong></span> 
     </span>
    </p>
   </div>
  </div>
 </body>
</html>
