3459 5200
781 400 821 465 21

183 593 273 661 sunt‘
303 591 525 677 (Helbergius,
553 592 656 679 praef.
683 592 733 659 ed.
758 600 832 658 tom.
856 594 872 657 I
893 614 927 679 p.
951 592 1023 675 IX).
1070 591 1160 657 Idem
1187 593 1306 678 probat
1327 590 1419 658 loeus
1498 615 1505 632 ·

187 699 242 765 ille
266 699 308 765 do
332 699 460 785 sphaer.
485 707 518 765 et
541 699 604 785 oyl.
629 699 692 766 def.
716 702 746 784 6,
770 701 800 785 8,
828 702 869 767 19
901 699 933 773 ἐξ
957 698 1068 787 ἀμφοῖν
1090 708 1150 763 τοῖν
1171 704 1288 765 κώνων.
1334 698 1419 767 Nam

182 808 295 874 dualis
317 806 442 873 formae
466 814 498 873 et
521 808 670 873 vocabuli
693 806 785 895 ἄμφω
807 826 887 873 usus
913 806 1055 871 olamant
1073 806 1158 871 hune
1176 806 1292 870 librum
1307 804 1418 871 Arolri-

184 913 290 980 medis
314 934 388 980 esse
411 934 475 981 non
498 933 605 999 posse.
623 951 667 962 —
683 914 833 979 Ceterum
857 914 1027 997 genetivus
1050 916 1104 979 δὺο
1127 912 1237 979 deoies
1261 913 1417 998 quater¹),

182 1021 316 1087 dativus
343 1022 411 1088 δυσί
438 1020 569 1105 semel²)
602 1021 635 1086 in
668 1019 750 1086 libro
784 1019 825 1085 de
859 1020 989 1106 sphaer.
1023 1027 1056 1087 ot
1088 1020 1152 1104 oyl.
1185 1018 1338 1102 occurrit,
1374 1017 1417 1084 do

182 1128 386 1195 dimensione
411 1128 522 1195 eirouli
545 1126 678 1195 libellus
698 1127 777 1192 nihil
800 1128 946 1213 praebet,
970 1125 1058 1211 quod
1082 1126 1144 1192 huo
1167 1132 1300 1213 speotet

490 1290 510 1369 3
536 1289 566 1355 8.
613 1286 669 1353 De
692 1288 902 1372 Apollonio
926 1288 1111 1370 Pergaeo.

275 1411 506 1498 Apollonius
543 1411 743 1496 Pergaeus
781 1420 814 1477 et
850 1411 981 1478 dualem
1023 1419 1056 1477 et
1091 1410 1184 1499 ἄμφω
1222 1409 1417 1477 vocabulum

184 1519 278 1604 fugit.
325 1522 378 1585 δὺο
401 1538 459 1604 pro
484 1519 635 1601 genetivo
659 1520 770 1585 tricies
794 1518 1007 1602 quinquies³),
1035 1538 1095 1603 pro
1122 1516 1234 1584 dativo
1258 1516 1340 1601 bis⁴)
1368 1517 1416 1583 iu·

183 1628 319 1710 venitur,
342 1626 512 1709 genetivus
536 1628 612 1691 δυεῖν
635 1636 694 1711 ter,
702 1624 726 1705 ⁶)
751 1625 882 1691 dativus
905 1625 973 1691 δωωί
995 1623 1127 1706 semel⁶)
1151 1624 1279 1709 legitur.

603 1788 677 1867 59.
723 1784 1000 1870 DeHypsiole.

272 1891 369 1978 Apud
401 1886 626 1978 Hypsiolem
658 1891 773 1957 duales
805 1891 929 1957 formae
962 1900 993 1958 ot
1019 1891 1111 1979 ἄμφω
1139 1890 1333 1957 vocabulum
1360 1890 1416 1958 de·

180 2008 269 2066 sunt.
316 2001 369 2065 diro
392 2018 451 2084 pro
475 2000 625 2084 genetivo
649 1998 805 2083 quaterll,
830 1997 975 2063 dativum
999 1996 1093 2080 used)
1118 1998 1218 2064 semel
1241 1996 1361 2066 inveni.

275 2106 313 2169 In
337 2109 431 2191 λόγῳ
456 2106 683 2194 ἀναφοφικῷ,
712 2106 766 2189 qui
794 2127 814 2170 a
837 2105 972 2170 Manilio
1001 2104 1074 2187 (des
1097 2103 1272 2189 Hypsicles
1296 2104 1416 2170 Sohrilt

180 2214 383 2302 ἀναφορικός,
415 2233 609 2297 programm.
644 2212 760 2278 Dresd.
788 2213 887 2293 1888)
920 2212 996 2277 huie
1028 2212 1178 2296 seriptori
1211 2209 1416 2277 abiudicatur

181 2328 217 2385 et
243 2328 319 2386 ante
347 2340 466 2385 annum
493 2319 659 2385 CXXX¹¹¹¹¹
688 2340 718 2386 a.
748 2318 782 2383 0.
813 2320 954 2403 scriptus
982 2338 1057 2384 esso
1084 2317 1211 2400 dieitur,
1244 2318 1415 2402 genetivus

179 2430 234 2492 δὺο
259 2426 337 2508 ter⁹)
362 2432 477 2510 exstat,
502 2426 560 2493 sed
576 2426 655 2492 nihil
669 2425 769 2510 aliud,
794 2425 881 2509 quod
896 2425 940 2491 ad
955 2424 1061 2491 dualis
1077 2445 1171 2491 usum
1184 2424 1412 2491 illustrandum

181 2533 353 2620 pertineat,
378 2534 527 2601 ooonrrit.

272 2641 418 2706 Transeo
442 2639 485 2706 ad
509 2641 734 2707 historicos.

418 2805 438 2882 ὅ
464 2804 515 2870 10.
561 2800 618 2866 De
641 2799 872 2884 fragmentis
895 2799 1181 2865 historioorum.

270 2925 308 2990 In
347 2925 575 3010 fragmentis
612 2926 890 2991 historicorum
923 2927 965 2992 ab
997 2925 1182 2992 Aristotelis
1214 2923 1413 3010 temporibus

180 3052 284 3116 usque
308 3032 351 3096 ad
374 3032 515 3098 medium
530 3032 695 3098 saeonlum
716 3031 893 3098 seeundum
907 3051 938 3100 a.
954 3031 988 3100 0.
1003 3031 1071 3098 fero
1084 3031 1194 3098 nullae
1207 3030 1413 3097 inveniuntur

180 3139 313 3223 normae,
333 3159 417 3224 qnae
437 3139 506 3206 iure
525 3138 661 3224 proferri
674 3139 810 3224 possint
838 3139 921 3204 Nam
935 3139 968 3203 in
982 3138 1250 3223 Megasthenis
1264 3137 1358 3222 frgm.
1372 3138 1411 3204 13

178 3246 310 3328 (Miller
337 3245 429 3329 frgm.
456 3245 530 3315 hist.
559 3265 666 3329 graeo.
696 3245 728 3310 11
751 3267 783 3331 p.
806 3248 901 3313 4121
923 3247 957 3326 2)
990 3250 1044 3312 καὶ
1071 3251 1169 3332 μέντοι
1195 3249 1248 3310 καὶ
1276 3252 1412 3332 σωννόμω

273 3423 293 3489 ¹)
317 3425 350 3479 de
369 3424 478 3494 sphaer.
497 3429 525 3478 et
543 3425 595 3494 oyl.
619 3425 634 3478 Ι
656 3424 709 3479 def.
735 3425 805 3488 2,6,
826 3424 868 3478 19.
905 3424 974 3489 8,1.
1011 3423 1162 3488 3,14,20.
1198 3424 1349 3487 4.18,14.
1386 3422 1412 3488 5,

179 3513 285 3578 20,16.
331 3515 356 3578 6,
376 3514 418 3578 22,
438 3513 481 3568 24.
527 3515 571 3578 24,
591 3514 632 3568 18.
683 3513 723 3577 13,
741 3515 784 3579 60,
805 3515 846 3568 18.
893 3512 1080 3578 42,116,15.
1125 3512 1169 3576 44,
1189 3514 1249 3577 182,
1268 3513 1293 3567 6.
1337 3511 1364 3565 Π
1389 3515 1413 3577 l,

181 3603 240 3667 192,
260 3604 285 3656 6.
321 3603 347 3666 4,
367 3603 427 3668 214,
447 3603 490 3656 21.
527 3604 552 3670 5,
571 3603 632 3667 222,
653 3604 696 3657 26.
734 3603 759 3668 6,
779 3603 840 3668 226,
860 3603 886 3657 9.

272 3687 293 3753 ¹)
317 3691 350 3746 de
369 3691 478 3761 sphaer.
497 3695 526 3746 et
545 3693 598 3760 syl.
617 3692 630 3745 Ι
649 3693 692 3757 43,
712 3693 772 3757 180,
793 3693 835 3746 15.

271 3778 292 3848 ⁸)
316 3781 403 3835 conio.
422 3781 435 3834 Ι
456 3783 479 3846 1,
499 3781 524 3844 6,
543 3782 569 3835 8.
597 3781 882 3846 5,8,1.1.12.14.
905 3782 945 3836 18.
976 3780 1016 3845 10,
1036 3780 1079 3845 38,
1100 3780 1142 3834 13.
1172 3780 1214 3844 14,
1233 3781 1277 3844 52,
1295 3779 1339 3834 23.
1367 3780 1411 3846 28,

178 3871 221 3935 16,
241 3869 285 3924 26.
330 3870 373 3936 25,
393 3870 436 3936 80,
457 3871 480 3923 1.
502 3871 542 3925 11.
589 3870 819 3935 39,118,9.13.
866 3869 1115 3934 40,120,15.20.
1156 3869 1325 3935 53,164,1.
1367 3869 1411 3933 54,

180 3960 239 4020 166.
259 3961 284 4012 2.
326 3959 513 4023 55,112,11.
555 3959 741 4024 5611423.
784 3961 827 4024 51,
849 3960 908 4022 182,
928 3959 953 4014 5.
995 3959 1038 4023 58,
1058 3959 1118 4023 182,
1137 3959 1180 4013 28.
1224 3959 1267 4025 59,
1289 3959 1348 4024 184,
1368 3959 1411 4013 25.

178 4048 239 4114 186,
259 4049 284 4102 9.
322 4049 364 4113 60,
385 4049 445 4113 186,
464 4050 509 4102 22.
529 4049 571 4103 25.
610 4050 669 4114 188,
691 4049 732 4103 10.
753 4049 794 4103 19.
832 4048 1046 4114 11419826.
1083 4048 1127 4114 24,
1147 4048 1208 4114 236,
1228 4049 1253 4102 8.
1287 4049 1330 4113 25,
1349 4047 1411 4114 238,

179 4139 203 4192 1.
241 4137 280 4192 IV
299 4154 375 4206 prop.
396 4139 437 4191 15.
458 4139 500 4191 18.
519 4139 562 4192 26.
582 4139 626 4192 41.
645 4138 689 4192 48.

272 4225 399 4289 ⁴leonio.
419 4227 454 4292 ll,
473 4228 516 4292 24,
536 4228 597 4293 236,
617 4229 642 4282 6.
679 4228 723 4290 41,
741 4227 802 4292 210,
822 4227 864 4281 21.

270 4315 292 4382 ¹⁵)
316 4316 400 4371 conio.
420 4315 441 4380 I,
461 4315 504 4380 36,
526 4317 584 4380 108,
604 4317 629 4371 9.
650 4317 691 4370 11.
729 4317 776 4380 IV,
795 4317 838 4370 36.

269 4403 292 4469 ‘l
315 4405 400 4459 eonio.
419 4404 468 4468 ΙΙΙ,
489 4405 530 4470 13,
550 4406 610 4468 340.
630 4405 655 4462 3.

269 4491 291 4557 ²)
315 4494 348 4547 el.
368 4493 427 4556 XV,
447 4494 490 4558 42,
510 4494 551 4546 19.
589 4495 694 4558 5419.
731 4495 775 4558 58,
795 4495 820 4547 2.
858 4495 901 4558 64,
920 4495 945 4549 5.

270 4581 291 4648 ⁸)
314 4583 348 4636 el.
367 4583 441 4648 XIV,
461 4583 502 4648 16,
522 4584 548 4637 4.

269 4669 290 4739 ⁹)
314 4689 378 4741 pag.
399 4672 424 4737 3,
443 4673 487 4727 33.
524 4673 551 4738 5,
572 4672 613 4726 10.
633 4673 675 4725 22.
695 4671 736 4727 ed.
757 4671 857 4727 Manit.
