3459 5200
962 404 1003 471 81

354 608 423 677 VIII
445 612 497 692 8‚8
519 612 606 693 9,14;
633 612 761 683 rorarii.
796 612 963 682 0111101.
998 614 1139 679 vlll48:
1161 610 1438 697 tuquoqueuerba
1450 608 1617 697 ammio

396 726 452 790 VH
474 729 514 791 33
537 728 566 793 X
589 729 609 791 9
631 729 673 793 M.
1040 730 1071 791 et
1108 730 1269 808 tamquam
1309 724 1385 791 levio
1424 730 1616 792 amaturae

1039 836 1128 903 mileu
1157 838 1297 904 rorarios
1327 836 1507 904 aemularis.
1560 839 1614 903 Ex

1038 952 1131 1017 Livio
1155 956 1326 1035 sumptum
1347 955 1442 1035 putat
1464 951 1615 1017 Schulze

1041 1065 1112 1131 175.

349 1190 418 1257 Liv.
441 1190 515 1256 XXI
538 1193 625 1272 3171
662 1210 852 1275 quomqrmm
872 1189 962 1277 famo
995 1190 1614 1275 vl65‚1:oideotommfomomremm

385 1301 492 1385 prius,
508 1324 572 1386 qum
585 1302 709 1369 ameria
723 1303 761 1369 im
775 1302 881 1369 maium
893 1303 978 1386 ferei
1037 1303 1237 1370 urbanarum
1277 1324 1478 1387 nequaquam
1517 1326 1616 1389 posse

389 1412 471 1497 ferri
493 1414 604 1497 solem,
622 1420 790 1500 praecepto
810 1436 861 1481 res
882 1419 960 1481 erat.
1038 1414 1182 1497 cobiberi,
1210 1436 1290 1498 qaae
1310 1421 1349 1481 ui
1367 1414 1439 1496 fieri
1460 1420 1549 1481 aurat
1572 1416 1615 1481 im

392 1528 440 1593 Cf.
475 1529 555 1595 Tac.
590 1530 668 1595 hist.
702 1529 730 1594 II
758 1531 799 1593 83
833 1529 875 1593 IV
904 1531 961 1594 50:
1037 1527 1336 1612 moimqrroeoeutio
1348 1527 1522 1595 nuntiabit.
1560 1530 1613 1595 Cf.

389 1644 568 1722 ueraqueet
587 1638 671 1723 saiso
691 1660 776 1707 more
796 1638 902 1723 famae
922 1638 961 1704 im
1037 1640 1150 1721 117‚1.

268 1779 271 1783 ·
389 1750 496 1817 amima
516 1750 694 1818 immotumre.
739 1773 818 1818 ann.
845 1753 886 1817 III
907 1753 959 1818 44.

347 1878 576 1971 xx1x1a1'o:
594 1890 761 1975 perroqori
776 1911 810 1955 eo
824 1890 876 1955 die
889 1910 959 1955 sen·
995 1912 1043 1958 or.
1066 1893 1080 1955 I
1105 1894 1159 1957 161
1188 1890 1281 1956 uum
1301 1912 1334 1957 se
1355 1891 1493 1957 Promioia
1514 1890 1612 1975 Afri--

391 2000 507 2067 remim
528 2001 958 2086 00001111111101111111101101-
1037 2022 1139 2068 comma
1159 2002 1293 2084 exuuiis,
1326 2004 1380 2068 sed
1406 2002 1464 2068 aiu
1492 2002 1531 2067 im
1555 2002 1610 2068 su·-

384 2113 482 2198 qricme
496 2118 526 2179 et
539 2115 691 2180 adversm
702 2113 961 2198 Soipimemmom
1037 2114 1111 2180 eilia
1127 2115 1281 2198 palliatum
1301 2114 1429 2181 errauit.

384 2230 524 2310 potuere.
562 2228 631 2312 (11)
654 2231 783 2311 praeter
804 2225 961 2292 Piemimii

387 2336 516 2421 facimus
543 2338 811 2422 Locrensiumque
843 2338 961 2405 clauom

387 2449 490 2535 ipsius
525 2450 621 2517 etiam
656 2450 856 2535 imperatorie
891 2470 960 2517 moa

390 2562 558 2630 Remorum
572 2564 671 2645 oudo,
686 2564 740 2630 sed
753 2584 795 2630 rie
809 2562 960 2631 miiiiario

388 2675 514 2758 quidem
536 2676 640 2741 molius
666 2675 857 2744 mutabatur:
890 2679 958 2760 (11)

389 2811 460 2854 oum
476 2789 575 2873 pallio
596 2788 790 2872 crepidisque
811 2789 957 2854 inambu-

388 2901 454 2966 lare
480 2901 519 2968 im
538 2900 716 2986 qqmmaoio,
751 2901 859 2966 labeum
886 2923 958 2968 eum

382 3015 619 3100 palaestraeque
640 3035 766 3099 operam
786 3013 881 3094 dara·
906 3035 956 3080 ae-

388 3147 447 3210 que
474 3126 613 3214 aequiter
639 3125 772 3192 molliter
804 3126 958 3192 eohortem

389 3244 485 3306 totam
507 3238 743 3324 Syrammorum
769 3238 958 3306 mooeuitate

385 3350 467 3435 frui.

431 3492 621 3576 Deperditis
639 3511 770 3575 quoque
793 3491 889 3556 libris
905 3490 941 3556 S.
957 3510 1056 3556 usum
1078 3511 1154 3556 osse
1176 3491 1351 3573 probabile
1373 3491 1409 3556 fit
1431 3490 1491 3569 eis,
1515 3512 1605 3575 quae

347 3605 388 3670 de
412 3605 535 3672 Crasso
558 3604 662 3670 11111111
685 3603 720 3670 in
743 3623 789 3670 01.
813 3602 840 3667 11
863 3604 883 3667 5
905 3601 961 3685 (cf.
983 3623 1016 3685 p.
1032 3603 1096 3685 11),
1121 3605 1154 3667 et
1174 3603 1249 3668 1000
1272 3603 1313 3666 IV
1328 3604 1399 3684 18,5
1422 3623 1521 3686 quem
1544 3625 1605 3669 su-

346 3737 408 3800 pra
430 3737 461 3800 p.
485 3718 527 3781 80
548 3718 654 3783 attuli.

706 3923 776 3988 XX.
821 3921 1009 3988 Valerius
1037 3920 1247 3989 Maximum

433 4081 483 4146 Ex
497 4079 620 4146 Valerii
635 4079 770 4145 Maximi
794 4079 959 4144 factorum
983 4083 1016 4144 et
1031 4079 1197 4145 dictorum
1212 4079 1481 4145 memorabilium
1504 4080 1603 4146 libris

349 4213 469 4260 novem
491 4193 605 4275 plures
629 4211 683 4256 res
706 4191 741 4256 in
765 4211 863 4256 suum
885 4212 983 4256 usum
1007 4193 1171 4257 convertit
1200 4191 1235 4256 S.
1259 4209 1358 4274 quam
1380 4211 1422 4256 ex
1444 4192 1512 4257 ullo
1535 4195 1603 4258 alio

348 4306 523 4388 scriptore.
568 4305 617 4370 CI.
639 4325 672 4387 p.
696 4305 714 4367 7
739 4324 788 4387 sq.
902 4373 905 4378 ,

346 4445 365 4530 ΙΙ
379 4445 443 4524 1,1;
458 4439 841 4524 Meieiiusoeroqromtifeao
853 4438 956 4506 maai·
991 4443 1127 4523 11363:
1166 4440 1278 4508 Naum
1303 4447 1422 4524 uiator,
1457 4442 1604 4510 Metellus

388 4576 459 4623 mim
475 4553 678 4621 Postumium
699 4551 856 4618 corumdem
878 4572 955 4617 erom-
1032 4559 1231 4620 eomsemrator
1252 4554 1451 4639 reiiqiouum.

972 4620 975 4633 I

389 4667 518 4750 deaeque
534 4664 697 4749 flammam
714 4663 895 4731 Martialem
915 4664 958 4730 ad

389 4778 498 4842 beilum
506 4779 681 4864 qerendum
691 4773 836 4860 Africam
845 4780 955 4860 pam-
