3459 5200
621 646 685 653 μ-
700 556 756 652 Ψ.
777 648 815 653 -.

225 762 325 827 Κοινὰ
347 762 468 841 δέέστι
490 764 574 828 κατὰ
596 764 712 849 σχέσιν,
741 762 801 829 ὅσα
823 761 903 829 καθ’
929 766 1037 851 ἑτέραν
1060 768 1115 853 μέν
1138 766 1222 833 ἰδέαν
1245 772 1304 832 τῶν

136 866 224 930 κατὰ
246 866 352 950 ογέσιν
374 866 556 952 γέγραπται,
590 866 717 933 δύναται
743 869 779 933 δέ
806 870 861 932 καὶ
890 861 970 933 καθ’
995 869 1102 953 ἑτέραν
1124 868 1305 955 γεγράφθαι

137 971 259 1034 δοκεῖν·
293 970 358 1035 οἷον
391 971 418 1034 εἰ
446 978 695 1055 μονοστροφικῶς
722 973 840 1055 γραφὲν
870 970 996 1037 δύναται
1024 974 1115 1036 τοῦτο
1143 975 1197 1035 καὶ
1225 973 1304 1057 έπῳ-

136 1072 234 1150 δικῶς
254 1070 434 1157 γεγράφθαι
456 1073 569 1140 δοκεῖν.

535 1458 908 1557 Ἡφαιστίωνος

545 1664 641 1750 Περὶ
662 1662 896 1752 ποιημάτων.

230 1799 342 1885 Στέχος
370 1800 435 1865 ἐστὶ
461 1799 560 1867 ποσόν
589 1801 723 1887 μέγεθος
746 1802 868 1889 μέτρου,
897 1800 973 1886 ὅπερ
996 1801 1067 1867 οὔτε
1094 1798 1221 1867 έλαττόν
1245 1802 1308 1867 ἐστι

136 1907 233 1988 τριῶν
262 1903 411 1989 συζυγιῶν
443 1904 515 1969 οὔτε
548 1905 652 1992 μεῖζον
680 1904 852 1991 τεσσάρων·
882 1906 916 1970 τό
945 1906 980 1969 δέ
1009 1906 1136 1969 ἔλαττον
1162 1898 1196 1969 ὃν
1218 1906 1306 1989 τριῶν

136 2006 301 2091 συζυγιῶν,
331 2006 385 2071 ἐὰν
414 2009 468 2092 μέν
496 2007 624 2093 πλήρεις
652 2010 712 2096 έχγγ
740 2007 794 2087 τάς
816 2008 971 2094 συζυγίας,
1000 2005 1220 2093 ἀκατάληκτόν
1244 2008 1306 2072 ἐστι

136 2113 197 2175 καὶ
220 2109 360 2175 καλεῖται
382 2110 495 2195 κῶλον,
518 2112 572 2177 έάν
595 2112 629 2177 δέ
650 2135 678 2177 τι
701 2112 839 2199 ἐλλείπῃ,
862 2110 980 2198 κόμμα.
1330 2124 1363 2167 10

196 2254 344 2261 --..—-—

228 2318 352 2387 Discrep.
370 2319 444 2388 lech]
480 2317 695 2387 ὃήφαιστίυνος
717 2324 778 2387 περὶ
799 2319 952 2387 ποιημάτων
976 2318 1014 2383 Δ;
1044 2321 1091 2371 τοῦ
1116 2313 1196 2373 αὐτοῦ
1211 2316 1308 2385 Ἠφαι-

136 2411 250 2470 στίωνος
269 2410 421 2472 σαφεστέρα
438 2410 599 2460 διδασκαλία
616 2411 676 2473 περὶ
694 2410 988 2475 μετρικῆς·εἰσαγωγῆς
1005 2406 1022 2474 ἡ
1036 2410 1096 2473 περὶ
1108 2406 1256 2475 ποιήματος
1267 2405 1294 2460 Β
1300 2428 1306 2475 3

136 2497 175 2549 cs.
195 2510 267 2563 quae
286 2493 341 2547 dixi
359 2511 386 2562 p.
403 2494 438 2547 46
472 2493 482 2562 Ιγ
517 2496 535 2547 8
551 2494 638 2563 τριῶν]
657 2494 705 2547 δύο
723 2492 790 2558 ΑΒ;
809 2494 843 2549 εἰ.
863 2511 935 2563 quae
954 2494 1071 2548 disserui
1089 2511 1115 2562 p.
1134 2496 1166 2547 27
1187 2511 1227 2563 sq.

229 2685 415 2754 Testimonia]
452 2686 539 2740 7-10
565 2687 652 2740 schol.
679 2687 768 2755 Heph.
797 2691 810 2752 β
840 2687 893 2755 (ed.
920 2688 1167 2742 Hoerschelmann.
1195 2688 1308 2756 Dorpati

138 2775 221 2843 1882)
244 2792 270 2843 p.
289 2775 313 2836 7,
337 2774 441 2827 20-22
467 2777 556 2840 στίχος
574 2777 622 2839 μέν
644 2773 697 2840 γάρ
721 2777 776 2826 ἐστι
792 2775 823 2827 τό
841 2773 907 2840 ὑπέρ
926 2778 1047 2841 δίμετρον
1063 2778 1111 2826 καῑ
1128 2777 1182 2826 έστι
1199 2775 1245 2828 τοῦ
1265 2793 1309 2841 με-

134 2865 240 2930 γέθους
258 2860 388 2928 τοῦνομα.
410 2861 499 2913 κῶλον
521 2864 552 2913 δέ
575 2864 630 2914 ἐστι
653 2865 700 2914 καί
716 2861 810 2929 κόμμα
827 2862 860 2914 τά
880 2862 954 2924 ἐντὸς
971 2865 1105 2928 διμέτρου·
1134 2857 1204 2914 ἀλλὰ
1221 2864 1310 2914 κῶλον

136 2953 188 3016 μέν
206 2951 337 3013 καλεῖται,
355 2947 420 3000 ὅταν
436 2945 583 3014 ὁλόκληροι
600 2947 660 3014 ῷσιν
679 2952 708 2999 αἱ
724 2951 851 3015 συζυγίαι,
869 2947 962 3015 κόμμα
981 2951 1010 2999 δὲ
1031 2947 1095 2999 ὅταν
1107 2942 1224 3011 ἀτελεῖς.
1243 2947 1308 3003 ibid.

137 3053 168 3106 p.
187 3037 212 3098 8,
234 3037 300 3088 1-3
317 3038 410 3102 Στέχος
429 3038 484 3086 έστῑ
501 3035 582 3087 ποσόν
605 3038 721 3102 μέγεθος
740 3039 844 3101 μέτρου,
868 3033 935 3101 ὅπερ
954 3038 1021 3086 ἐστὶν
1039 3031 1104 3100 ὑπὲρ
1123 3035 1152 3086 τὸ
1176 3037 1307 3101 δίμετρον·

135 3122 230 3176 κῶλον
247 3125 302 3174 ἐστὶ
326 3122 409 3174 ποσόν
436 3124 552 3190 μέγεθος
575 3126 671 3188 μέτρου
694 3122 742 3175 δύο
765 3125 891 3190 ουζυγιῶν
910 3118 1117 3189 ἀκαταλήκτων·
1145 3121 1237 3190 κόμμα
1256 3126 1309 3176 ἐστὶ

135 3210 224 3262 ποσόν
242 3211 356 3274 μέγεθος
376 3213 471 3275 μέτρου
489 3211 614 3275 συζυγίας
636 3204 829 3276 άκαταλήκτου
857 3212 967 3262 ἔλαττον
994 3209 1100 3278 (μέτρου
1118 3209 1165 3262 δυο
1183 3209 1309 3277 συζυγιῶν

135 3293 338 3362 άκαταλήκτον
356 3298 466 3349 έλαττον
483 3296 740 3366 Hoerschelmann).
771 3298 827 3350 loa.
845 3297 937 3350 Tzetz.
950 3297 978 3351 in
998 3297 1119 3351 Crameri
1136 3297 1239 3352 Anecd.
1257 3297 1308 3352 Ox.

137 3385 178 3438 ΙΙΙ
197 3402 224 3452 p.
239 3384 298 3446 316.
317 3383 421 3436 98-30
438 3381 453 3435 ό
472 3383 519 3436 τοῦ
536 3386 672 3449 Καλλέρου
691 3387 722 3436 δέ
740 3384 794 3448 υἱός
813 3387 841 3436 έν
860 3389 964 3451 μέτροις
979 3382 1138 3452 Ἡφαιστίων
1176 3383 1179 3454 γ
1216 3385 1309 3452 κόμμα

767 3546 789 3552 -.
795 3547 909 3552 -——.--
948 3547 954 3552 .
971 3547 979 3552 .
1191 3547 1309 3555 ---—-.-

638 3657 818 3721 Scholia.

232 3800 245 3844 τ
281 3781 422 3868 Στίχος
455 3782 550 3848 ἐστὶι
595 3783 694 3849 ἰστέον
728 3782 772 3848 ὅτι
804 3785 840 3849 τὸ
874 3784 928 3870 μέν
963 3785 1026 3850 ἐστι
1059 3784 1187 3871 μετροῦν
1221 3783 1262 3862 ιός
1287 3783 1308 3870 ἡ
1333 3813 1364 3856 11

138 3884 296 3972 συλλαβή,
324 3883 359 3952 τό
382 3885 416 3949 δέ
439 3893 568 3972 μετροῦν
591 3890 646 3951 καὶ
669 3887 874 3974 μετρούμενον
903 3886 943 3966 ὡς
966 3889 995 3953 οἱ·
1022 3886 1116 3966 πόδες
1143 3889 1310 3974 (μετρεῖται

138 3993 199 4076 μέν
222 3989 283 4075 γάρ
305 3987 364 4052 ὑπὸ
386 3988 443 4074 τῆς
465 3988 625 4078 συλλαβῆς
646 3991 707 4068 πάς
727 3991 820 4075 πούς,
843 4001 951 4078 μετρεῖ
970 3989 1000 4056 δ’
1019 3991 1110 4069 αὐτὸς
1125 3991 1164 4056 τοὶ
1179 3992 1309 4079 μέτρα),

138 4093 177 4158 τό
201 4089 232 4156 δ’
257 4092 343 4155 ἐστὶι
366 4090 570 4178 μετρούμενον
593 4085 634 4171 ὥς
656 4093 694 4157 τοὶ
718 4093 893 4181 ποιήματα.
918 4094 1073 4182 διαλαβών
1097 4093 1149 4162 οὖν
1173 4091 1189 4158 ό
1211 4117 1309 4180 τεχνι-

138 4196 199 4272 κός
232 4197 302 4280 περὶ
331 4192 449 4280 μόνου’
482 4203 664 4282 μετροῦντος
691 4197 768 4260 καὶ8
802 4203 983 4283 μετροῦντος
1015 4201 1069 4261 καὶ
1103 4198 1309 4283 μετρουμένου
1333 4214 1366 4260 15

138 4301 194 4364 νῦν
217 4300 287 4382 περὶ
309 4295 427 4384 μόνου4
449 4299 655 4386 μετρουμένου
678 4298 828 4382 διδάσκει,
850 4298 868 4364 ὅ
892 4301 955 4364 ἐστι
976 4303 1047 4385 περὶ
1068 4299 1249 4384 ποιήματος.

232 4507 244 4559 ¹
274 4509 329 4559 έστι
353 4504 417 4560 GM
461 4507 469 4573 Η
519 4509 535 4560 9
563 4507 642 4574 μόνον
662 4505 701 4570 G;
730 4507 809 4573 μόνου
828 4511 874 4561 τοῦ
893 4508 1036 4576 Westphal
1089 4507 1097 4574 γῑ
1150 4509 1240 4560 3καί
1262 4505 1309 4559 τοὺ

141 4593 290 4662 Weslphal
325 4593 334 4660 γ
369 4593 485 4660 άμόνου
503 4597 549 4648 τοῦ
567 4595 721 4662 Weslphal.
