3459 5200
392 595 528 673 severis,
558 593 617 658 sed
639 613 671 674 p.
693 590 736 655 ΙΙΙ
758 592 789 655 4.
816 592 863 656 14.
891 591 929 653 16
962 591 1004 654 ad
1039 585 1132 674 μικτά
1164 590 1216 654 vel
1245 585 1335 654 κοινά
1356 589 1563 654 adiectivum

392 717 466 762 esse
496 694 717 778 supplendum
753 713 793 757 ex
829 692 1062 756 commentarii
1089 693 1102 756 l
1130 691 1242 756 verbis
1276 711 1376 756 nemo
1412 692 1563 775 dispicit,

392 800 515 865 nedum
545 799 698 879 cuiquam
719 796 918 860 vocabulum
941 790 1050 880 γενικά
1074 795 1108 859 iu
1131 800 1281 860 mentem
1302 797 1416 860 venire
1438 797 1564 879 possit.

392 905 521 968 Tamen
556 903 639 966 haec
674 920 806 983 quoque
840 905 931 964 certo
967 898 1090 981 speciei
1119 899 1257 964 nomine
1286 900 1448 982 indigent,
1480 906 1519 965 ut
1541 920 1568 964 a

393 1005 529 1088 reliquis
553 1008 667 1087 μικτῶν
689 1007 722 1066 et
744 1001 853 1066 κοινῶν
876 1002 1054 1083 generibus
1079 1001 1337 1083 distinguantur,
1361 1024 1478 1087 neque,
1504 1004 1566 1087 qui

393 1109 529 1174 alterius
554 1105 785 1172 commentarii
809 1103 903 1189 μικτοὶ
924 1101 1033 1190 γενικά
1056 1110 1089 1170 et
1110 1103 1200 1171 κοινὰ
1227 1103 1335 1190 γενικά
1363 1109 1567 1190 respexerit,

394 1211 568 1290 dubitabit,
608 1211 688 1292 quin
722 1209 757 1272 in
792 1210 900 1287 fonte,
941 1229 1041 1292 quem
1075 1209 1243 1275 consuluit
1283 1212 1517 1276 commentarii
1553 1213 1568 1276 l

395 1317 548 1398 scriptor,
578 1334 616 1378 ea
651 1313 773 1378 fuerint
803 1317 995 1396 nuncupata
1023 1310 1117 1398 μικτὰ
1144 1311 1254 1398 γενικά
1276 1321 1309 1379 et
1331 1313 1420 1379 κοινά
1440 1312 1569 1399 γενικοί.

395 1421 437 1483 At
460 1437 573 1482 nonne
603 1419 666 1481 hoc
689 1417 805 1480 vitium
833 1417 966 1498 gravius
989 1415 1119 1481 videtur
1143 1437 1242 1500 quam
1270 1419 1361 1501 quod
1383 1419 1570 1483 enchiridii

396 1521 551 1605 scriptori
581 1521 835 1602 imputemus?¹)
881 1520 969 1598 Quid
1008 1521 1098 1602 quod
1139 1521 1289 1585 carmina
1327 1522 1411 1586 κατὰ
1454 1521 1573 1607 σχέσιν

363 1662 366 1666 -
396 1648 426 1709 p.
451 1627 490 1690 IV
514 1626 534 1688 6
557 1623 713 1688 dicuntur
729 1621 788 1686 ὅσα
811 1631 966 1707 μετρεῖται
988 1621 1047 1687 ὑπὸ
1070 1619 1287 1709 συοτκῙματοςὲ
1311 1646 1395 1708 quae
1412 1624 1572 1690 definitio

397 1731 439 1794 ad
473 1728 586 1792 omnia
620 1727 769 1792 carmina
803 1727 1017 1810 systematica
1056 1727 1207 1810 quadrat.
1263 1729 1397 1794 Secludi
1434 1729 1575 1812 reliqua

399 1831 611 1916 systematica
627 1831 800 1895 enuntiato
818 1830 1009 1914 insequenti
1031 1829 1172 1894 καλεῖται
1195 1831 1230 1895 δὲ
1252 1829 1350 1910 οὕτως
1371 1831 1448 1910 κτλ,
1470 1834 1576 1916 quod

398 1937 507 2020 ipsum
541 1934 789 2018 quodammodo
829 1935 1033 1999 delinitionis
1071 1939 1202 2018 partem
1242 1935 1358 2015 efficit,
1403 1937 1576 2016 concedo,

399 2043 628 2104 verumtamen
668 2058 780 2103 nonne
823 2038 980 2102 universa
1023 2039 1104 2103 haec
1148 2039 1339 2121 explicandi
1376 2040 1459 2105 ratio
1498 2041 1579 2105 He-

398 2142 605 2226 phaestionis
635 2143 788 2206 acumine
819 2145 931 2206 caret?
981 2143 1017 2205 In
1048 2141 1338 2207 commentarioli
1367 2143 1482 2208 eadem
1508 2143 1580 2208 de-

399 2247 591 2310 scribuntur
624 2245 677 2309 his
711 2245 822 2309 verbis
856 2266 888 2327 p.
922 2245 980 2309 XII
1015 2247 1029 2309 1
1065 2243 1158 2309 Karai
1186 2244 1292 2330 σχέσιν
1315 2296 1323 2309 .
1348 2295 1386 2309 ..
1421 2244 1511 2327 ἐστίν,
1552 2245 1581 2310 ἂ

401 2345 555 2413 δουλεύων
579 2341 782 2411 ἀνταποδόσει
804 2349 859 2410 καὶ
889 2340 1101 2431 ἀνακυκλήσει
1129 2345 1145 2410 ὁ
1168 2345 1301 2432 ποιητής
1321 2347 1443 2433 γράφει,
1465 2355 1582 2432 atque

400 2453 541 2518 eandem
570 2454 619 2516 vei
649 2453 719 2516 eius
748 2452 960 2516 consimilem
986 2453 1234 2517 enarrationem
1264 2452 1365 2518 etiam
1397 2473 1583 2516 commen-

401 2557 512 2622 tariil
542 2556 698 2638 scriptori
729 2560 845 2621 notam
876 2556 978 2620 fuisse
1007 2555 1086 2621 inde
1115 2557 1311 2637 conieceriS,
1340 2556 1429 2640 quod
1456 2555 1492 2620 in
1516 2577 1584 2639 με·

400 2668 513 2744 τρικοῖς
541 2654 685 2735 ἀτάκτοις
713 2658 758 2741 (μ.
787 2659 828 2723 IV
859 2660 912 2741 15)
948 2659 1147 2744 compositio
1187 2658 1270 2722 κατὰ
1304 2659 1410 2743 σχέσιν
1443 2660 1585 2725 diserte

405 2764 554 2828 renuitur
576 2762 688 2827 verbis
712 2758 925 2845 &vendocinum
946 2760 1005 2826 οὐκ
1028 2764 1104 2847 ἔχει.
1149 2764 1258 2827 Verba
1285 2762 1357 2827 οὔτε
1378 2760 1436 2827 ὑπὸ
1460 2763 1585 2847 στίχου

403 2866 473 2932 οὔτε
496 2864 555 2931 ὑπὸ
578 2864 773 2950 συστήματος
802 2862 1078 2950 καταμετροάμενοι
1112 2867 1157 2949 (p.
1180 2867 1221 2930 IV
1257 2868 1404 2950 12-13),
1437 2871 1469 2931 et
1498 2865 1586 2933 οὔτε

405 2967 488 3033 κατὰ
511 2969 616 3055 στίχον
639 2960 711 3032 οὐδὲ
734 2965 950 3053 συστηματικά
973 2968 1017 3051 (p.
1034 2971 1074 3033 IV
1092 2970 1229 3052 15—16)
1253 2970 1373 3053 quibus
1395 2970 1587 3051 scriptoris

408 3072 720 3138 ratiocinationibus
761 3072 947 3136 debeantur
987 3092 1088 3155 supra
1122 3072 1271 3155 exposui,
1306 3076 1340 3137 at
1372 3072 1588 3154 gravissime

407 3177 581 3242 offendunt
605 3176 639 3239 in
663 3176 847 3240 carminum
871 3176 1108 3259 descriptione,
1139 3198 1223 3261 quae
1246 3176 1321 3259 ipsa
1344 3177 1489 3260 speciem
1511 3178 1591 3243 τῶν

406 3278 641 3365 συστηματικῶν
665 3280 821 3345 efficiunt.

493 3420 669 3483 Postremo
713 3419 868 3483 conseras
913 3418 1191 3484 commentarium
1227 3420 1240 3482 i
1284 3438 1358 3482 curn
1401 3418 1450 3481 eis
1487 3437 1591 3499 quae

409 3522 615 3603 respondent
645 3522 877 3587 commentarii
905 3524 932 3586 ΙΙ
961 3522 1136 3604 capitibus
1166 3541 1232 3605 quo
1261 3522 1297 3585 in
1331 3524 1591 3589 commentario

408 3628 538 3690 tanturn
571 3644 640 3688 non
675 3644 808 3706 semper
842 3644 905 3688 nos
939 3625 1013 3707 ipsa
1039 3624 1301 3706 Hephaestionis
1329 3625 1431 3688 verba
1459 3628 1592 3691 tenere

410 3748 527 3792 omnes
553 3728 777 3793 consentiunt.
822 3728 942 3792 Vocari
967 3729 999 3792 in
1024 3727 1266 3793 commentario
1289 3728 1302 3790 Ι
1329 3748 1361 3809 p.
1390 3727 1430 3790 VI
1459 3728 1478 3789 9
1501 3746 1592 3813 sqq.

409 3828 580 3915 περιόδους,
614 3851 697 3913 quae
731 3832 766 3895 in
789 3833 895 3896 altero
917 3852 949 3913 p.
972 3832 1047 3895 XIX
1068 3832 1177 3914 sssqq.
1201 3835 1279 3895 sunt
1301 3825 1493 3914 συστήματα,
1515 3849 1593 3914 ap-

411 3936 528 4018 pellari
558 3934 592 3998 in
620 3935 862 3999 commentario
887 3935 899 3997 l
921 3932 1014 4015 ἰδέας,
1044 3953 1128 4017 quae
1157 3934 1192 3997 in
1214 3934 1319 3998 attero
1342 3932 1482 3997 audiunt
1496 3932 1593 4020 εἴδη,

414 4129 614 4137 ——-—-—-—--

502 4246 521 4315 ι)
540 4246 600 4300 Non
622 4261 705 4316 posse
729 4245 887 4299 huiusmodi
909 4250 1024 4314 peccata
1047 4244 1112 4298 inde
1135 4242 1273 4313 explicari,
1295 4245 1370 4312 quod
1394 4243 1422 4296 in
1440 4259 1594 4302 commen-

412 4332 483 4387 tario
502 4334 513 4385 Ι
528 4334 648 4387 tironum
667 4332 694 4385 in
713 4348 793 4386 usum
812 4332 969 4401 conscripto
981 4331 1151 4401 Hephaestio
1170 4330 1312 4384 brevitatis
1331 4330 1411 4383 tuerit
1429 4330 1596 4401 studiosus,

413 4420 458 4473 vix
477 4426 519 4473 est
538 4421 612 4491 quod
630 4436 766 4477 moneam.
