<?xml version="1.0" encoding="UTF-8"?>
<!DOCTYPE html PUBLIC "-//W3C//DTD XHTML 1.0 Transitional//EN"
    "http://www.w3.org/TR/xhtml1/DTD/xhtml1-transitional.dtd">
<html xmlns="http://www.w3.org/1999/xhtml" xml:lang="en" lang="en">
 <head>
  <title>
</title>
<meta http-equiv="Content-Type" content="text/html;charset=utf-8" />
  <meta name='ocr-system' content='tesseract 3.04.00' />
  <meta name='ocr-capabilities' content='ocr_page ocr_carea ocr_par ocr_line ocrx_word'/>
</head>
<body>
  <div class='ocr_page' id='page_1' title='image "./detacitosenecae00zimmgoog_0606.png"; bbox 0 0 3459 5200; ppageno 0'>
   <div class='ocr_carea' id='block_1_1' title="bbox 755 406 793 473">
    <p class='ocr_par' dir='ltr' id='par_1_1' title="bbox 755 406 793 473">
     <span class='ocr_line' id='line_1_1' title="bbox 755 406 793 473; baseline 0.053 -2"><span class='ocrx_word' id='word_1_1' title='bbox 755 406 793 473; x_wconf 89' lang='lat'>81</span> 
     </span>
    </p>
   </div>
   <div class='ocr_carea' id='block_1_2' title="bbox 675 496 877 509">
    <p class='ocr_par' dir='ltr' id='par_1_2' title="bbox 675 496 877 509">
     <span class='ocr_line' id='line_1_2' title="bbox 675 496 877 509; baseline 0.005 -6"><span class='ocrx_word' id='word_1_2' title='bbox 675 496 877 509; x_wconf 44' lang='grc' dir='ltr'>*Ὗ-</span> 
     </span>
    </p>
   </div>
   <div class='ocr_carea' id='block_1_3' title="bbox 150 613 1402 1034">
    <p class='ocr_par' dir='ltr' id='par_1_3' title="bbox 150 613 1402 1034">
     <span class='ocr_line' id='line_1_3' title="bbox 235 613 1400 703; baseline 0.004 -23"><span class='ocrx_word' id='word_1_3' title='bbox 235 614 382 697; x_wconf 76' lang='lat' dir='ltr'>Vestigia</span> <span class='ocrx_word' id='word_1_4' title='bbox 404 613 557 681; x_wconf 89' lang='lat' dir='ltr'>lectionis</span> <span class='ocrx_word' id='word_1_5' title='bbox 582 634 640 682; x_wconf 88' lang='lat' dir='ltr'>cur</span> <span class='ocrx_word' id='word_1_6' title='bbox 660 634 768 698; x_wconf 81' lang='lat' dir='ltr'>pauca</span> <span class='ocrx_word' id='word_1_7' title='bbox 791 617 1000 700; x_wconf 75' lang='lat' dir='ltr'>indagentur,</span> <span class='ocrx_word' id='word_1_8' title='bbox 1025 638 1126 701; x_wconf 81' lang='lat' dir='ltr'>supra</span> <span class='ocrx_word' id='word_1_9' title='bbox 1149 620 1288 703; x_wconf 83' lang='lat' dir='ltr'><strong>exposui</strong></span> <span class='ocrx_word' id='word_1_10' title='bbox 1310 618 1355 702; x_wconf 87' lang='lat' dir='ltr'>(p.</span> <span class='ocrx_word' id='word_1_11' title='bbox 1380 618 1400 685; x_wconf 82' lang='lat'><strong>7</strong></span> 
     </span>
     <span class='ocr_line' id='line_1_4' title="bbox 150 728 1401 813; baseline 0.005 -23"><span class='ocrx_word' id='word_1_12' title='bbox 150 728 227 810; x_wconf 72' lang='lat' dir='ltr'>sun</span> <span class='ocrx_word' id='word_1_13' title='bbox 261 728 369 793; x_wconf 83' lang='lat' dir='ltr'>maior</span> <span class='ocrx_word' id='word_1_14' title='bbox 397 730 488 793; x_wconf 86' lang='lat' dir='ltr'>esset</span> <span class='ocrx_word' id='word_1_15' title='bbox 515 747 691 808; x_wconf 84' lang='lat' dir='ltr'>numerus,</span> <span class='ocrx_word' id='word_1_16' title='bbox 726 730 754 794; x_wconf 88' lang='lat' dir='ltr'>si</span> <span class='ocrx_word' id='word_1_17' title='bbox 782 730 879 813; x_wconf 85' lang='lat' dir='ltr'>plura</span> <span class='ocrx_word' id='word_1_18' title='bbox 907 730 1098 795; x_wconf 84' lang='lat' dir='ltr'>orationum</span> <span class='ocrx_word' id='word_1_19' title='bbox 1126 731 1313 813; x_wconf 81' lang='lat' dir='ltr'>fragmenta</span> <span class='ocrx_word' id='word_1_20' title='bbox 1340 734 1401 798; x_wconf 84' lang='lat' dir='ltr'>ha·</span> 
     </span>
     <span class='ocr_line' id='line_1_5' title="bbox 150 840 1402 924; baseline 0.006 -22"><span class='ocrx_word' id='word_1_21' title='bbox 150 840 316 917; x_wconf 78' lang='lat' dir='ltr'>beremae,</span> <span class='ocrx_word' id='word_1_22' title='bbox 348 843 465 923; x_wconf 78' lang='lat' dir='ltr'>utpote</span> <span class='ocrx_word' id='word_1_23' title='bbox 498 840 619 923; x_wconf 86' lang='lat' dir='ltr'>quibus</span> <span class='ocrx_word' id='word_1_24' title='bbox 642 840 862 924; x_wconf 87' lang='lat' dir='ltr'>Symmachus</span> <span class='ocrx_word' id='word_1_25' title='bbox 886 843 1098 907; x_wconf 83' lang='lat' dir='ltr'><strong>narrationes</strong></span> <span class='ocrx_word' id='word_1_26' title='bbox 1127 863 1169 907; x_wconf 82' lang='lat' dir='ltr'>ex</span> <span class='ocrx_word' id='word_1_27' title='bbox 1196 865 1309 909; x_wconf 89' lang='lat' dir='ltr'>rerum</span> <span class='ocrx_word' id='word_1_28' title='bbox 1330 864 1402 910; x_wconf 90' lang='lat' dir='ltr'>rne-</span> 
     </span>
     <span class='ocr_line' id='line_1_6' title="bbox 150 950 732 1034; baseline 0 -19"><span class='ocrx_word' id='word_1_29' title='bbox 150 950 258 1017; x_wconf 81' lang='lat' dir='ltr'>moria</span> <span class='ocrx_word' id='word_1_30' title='bbox 279 952 403 1034; x_wconf 83' lang='lat' dir='ltr'>petitas</span> <span class='ocrx_word' id='word_1_31' title='bbox 426 951 576 1019; x_wconf 86' lang='lat' dir='ltr'>inserere</span> <span class='ocrx_word' id='word_1_32' title='bbox 599 953 732 1019; x_wconf 88' lang='lat' dir='ltr'>soleret.</span> 
     </span>
    </p>
   </div>
   <div class='ocr_carea' id='block_1_4' title="bbox 150 1142 1403 1565">
    <p class='ocr_par' dir='ltr' id='par_1_4' title="bbox 150 1142 1403 1565">
     <span class='ocr_line' id='line_1_7' title="bbox 150 1142 1402 1233; baseline 0.008 -28"><span class='ocrx_word' id='word_1_33' title='bbox 150 1142 215 1207; x_wconf 84' lang='lat'>19.</span> <span class='ocrx_word' id='word_1_34' title='bbox 262 1142 354 1221; x_wconf 85' lang='lat' dir='ltr'>Quae</span> <span class='ocrx_word' id='word_1_35' title='bbox 377 1144 443 1208; x_wconf 92' lang='lat' dir='ltr'>hoc</span> <span class='ocrx_word' id='word_1_36' title='bbox 466 1142 573 1226; x_wconf 86' lang='lat' dir='ltr'>capite</span> <span class='ocrx_word' id='word_1_37' title='bbox 601 1142 643 1209; x_wconf 89' lang='lat' dir='ltr'>de</span> <span class='ocrx_word' id='word_1_38' title='bbox 672 1143 875 1209; x_wconf 79' lang='lat' dir='ltr'>Sabinarum</span> <span class='ocrx_word' id='word_1_39' title='bbox 904 1151 1001 1231; x_wconf 83' lang='lat' dir='ltr'>raptu</span> <span class='ocrx_word' id='word_1_40' title='bbox 1027 1150 1215 1229; x_wconf 84' lang='lat' dir='ltr'>traduntur,</span> <span class='ocrx_word' id='word_1_41' title='bbox 1250 1151 1402 1233; x_wconf 85' lang='lat' dir='ltr'>spectare</span> 
     </span>
     <span class='ocr_line' id='line_1_8' title="bbox 191 1254 1403 1345; baseline 0.005 -26"><span class='ocrx_word' id='word_1_42' title='bbox 191 1256 322 1321; x_wconf 87' lang='lat' dir='ltr'>videtur</span> <span class='ocrx_word' id='word_1_43' title='bbox 345 1256 469 1340; x_wconf 89' lang='lat' dir='ltr'>Symm.</span> <span class='ocrx_word' id='word_1_44' title='bbox 493 1257 551 1321; x_wconf 89' lang='lat' dir='ltr'>rel.</span> <span class='ocrx_word' id='word_1_45' title='bbox 574 1257 643 1337; x_wconf 66' lang='lat' dir='ltr'>ua:</span> <span class='ocrx_word' id='word_1_46' title='bbox 676 1274 733 1319; x_wconf 89' lang='lat' dir='ltr'>nec</span> <span class='ocrx_word' id='word_1_47' title='bbox 756 1254 877 1337; x_wconf 83' lang='lat' dir='ltr'>putetis</span> <span class='ocrx_word' id='word_1_48' title='bbox 903 1256 1083 1324; x_wconf 75' lang='lat' dir='ltr'>istiusmodi</span> <span class='ocrx_word' id='word_1_49' title='bbox 1109 1259 1297 1343; x_wconf 72' lang='lat' dir='ltr'>volumtatem</span> <span class='ocrx_word' id='word_1_50' title='bbox 1319 1258 1403 1345; x_wconf 79' lang='lat' dir='ltr'>plebi</span> 
     </span>
     <span class='ocr_line' id='line_1_9' title="bbox 192 1364 1403 1453; baseline 0.005 -22"><span class='ocrx_word' id='word_1_51' title='bbox 192 1364 333 1432; x_wconf 87' lang='lat' dir='ltr'>Martiae</span> <span class='ocrx_word' id='word_1_52' title='bbox 348 1388 485 1451; x_wconf 84' lang='lat' dir='ltr'>parvam</span> <span class='ocrx_word' id='word_1_53' title='bbox 512 1364 623 1448; x_wconf 78' lang='lat' dir='ltr'>rideri,</span> <span class='ocrx_word' id='word_1_54' title='bbox 657 1366 710 1432; x_wconf 89' lang='lat' dir='ltr'>cui</span> <span class='ocrx_word' id='word_1_55' title='bbox 738 1366 947 1436; x_wconf 77' lang='lat' dir='ltr'>delenimenta</span> <span class='ocrx_word' id='word_1_56' title='bbox 975 1370 1164 1437; x_wconf 78' lang='lat' dir='ltr'>circeruium</span> <span class='ocrx_word' id='word_1_57' title='bbox 1189 1370 1403 1453; x_wconf 82' lang='lat' dir='ltr'>finitimorum</span> 
     </span>
     <span class='ocr_line' id='line_1_10' title="bbox 193 1478 621 1565; baseline 0.007 -22"><span class='ocrx_word' id='word_1_58' title='bbox 193 1478 362 1545; x_wconf 73' lang='lat' dir='ltr'>conubium</span> <span class='ocrx_word' id='word_1_59' title='bbox 378 1478 621 1565; x_wconf 79' lang='lat' dir='ltr'>praestiterunt.</span> 
     </span>
    </p>
   </div>
   <div class='ocr_carea' id='block_1_5' title="bbox 150 1636 1404 2169">
    <p class='ocr_par' dir='ltr' id='par_1_5' title="bbox 150 1636 1404 2169">
     <span class='ocr_line' id='line_1_11' title="bbox 150 1636 1404 1721; baseline 0.007 -22"><span class='ocrx_word' id='word_1_60' title='bbox 150 1636 269 1715; x_wconf 60' lang='lat' dir='ltr'>luno.</span> <span class='ocrx_word' id='word_1_61' title='bbox 303 1637 393 1703; x_wconf 89' lang='lat' dir='ltr'>XXX</span> <span class='ocrx_word' id='word_1_62' title='bbox 414 1639 504 1717; x_wconf 76' lang='lat'>43‚9:</span> <span class='ocrx_word' id='word_1_63' title='bbox 536 1655 675 1720; x_wconf 80' lang='lat' dir='ltr'>saqmen.</span> <span class='ocrx_word' id='word_1_64' title='bbox 720 1637 768 1703; x_wconf 85' lang='lat' dir='ltr'>cf.</span> <span class='ocrx_word' id='word_1_65' title='bbox 796 1640 880 1721; x_wconf 79' lang='lat' dir='ltr'>trag.</span> <span class='ocrx_word' id='word_1_66' title='bbox 914 1640 979 1705; x_wconf 92' lang='lat' dir='ltr'>inc.</span> <span class='ocrx_word' id='word_1_67' title='bbox 1012 1642 1076 1707; x_wconf 75' lang='lat' dir='ltr'>ent</span> <span class='ocrx_word' id='word_1_68' title='bbox 1107 1640 1171 1707; x_wconf 88' lang='lat' dir='ltr'>Rb.</span> <span class='ocrx_word' id='word_1_69' title='bbox 1206 1640 1291 1707; x_wconf 91' lang='lat' dir='ltr'>Plin.</span> <span class='ocrx_word' id='word_1_70' title='bbox 1314 1642 1347 1709; x_wconf 90' lang='lat' dir='ltr'>h.</span> <span class='ocrx_word' id='word_1_71' title='bbox 1371 1664 1404 1708; x_wconf 93' lang='lat' dir='ltr'>n.</span> 
     </span>
     <span class='ocr_line' id='line_1_12' title="bbox 192 1748 1404 1837; baseline 0.003 -24"><span class='ocrx_word' id='word_1_72' title='bbox 192 1748 279 1813; x_wconf 88' lang='lat' dir='ltr'>XXII</span> <span class='ocrx_word' id='word_1_73' title='bbox 302 1751 322 1815; x_wconf 87' lang='lat'>5</span> <span class='ocrx_word' id='word_1_74' title='bbox 350 1750 421 1832; x_wconf 81' lang='lat' dir='ltr'>Dig.</span> <span class='ocrx_word' id='word_1_75' title='bbox 445 1751 467 1813; x_wconf 92' lang='lat' dir='ltr'>l.</span> <span class='ocrx_word' id='word_1_76' title='bbox 491 1751 553 1830; x_wconf 85' lang='lat'><strong>8‚8.</strong></span> <span class='ocrx_word' id='word_1_77' title='bbox 599 1770 646 1815; x_wconf 94' lang='lat' dir='ltr'>or.</span> <span class='ocrx_word' id='word_1_78' title='bbox 670 1750 697 1814; x_wconf 91' lang='lat' dir='ltr'>V</span> <span class='ocrx_word' id='word_1_79' title='bbox 719 1751 754 1815; x_wconf 67' lang='lat'>2:</span> <span class='ocrx_word' id='word_1_80' title='bbox 791 1750 943 1817; x_wconf 76' lang='lat' dir='ltr'>oerbmoe</span> <span class='ocrx_word' id='word_1_81' title='bbox 970 1754 1098 1817; x_wconf 75' lang='lat' dir='ltr'>teritum</span> <span class='ocrx_word' id='word_1_82' title='bbox 1123 1756 1154 1817; x_wconf 91' lang='lat' dir='ltr'>et</span> <span class='ocrx_word' id='word_1_83' title='bbox 1179 1752 1326 1837; x_wconf 81' lang='lat' dir='ltr'>saqmino</span> <span class='ocrx_word' id='word_1_84' title='bbox 1353 1754 1404 1817; x_wconf 81' lang='lat' dir='ltr'>de·</span> 
     </span>
     <span class='ocr_line' id='line_1_13' title="bbox 191 1859 1404 1950; baseline 0.006 -26"><span class='ocrx_word' id='word_1_85' title='bbox 191 1859 336 1942; x_wconf 64' lang='lat' dir='ltr'>fuerant.</span> <span class='ocrx_word' id='word_1_86' title='bbox 371 1862 537 1942; x_wconf 83' lang='lat' dir='ltr'>‚,iortasse</span> <span class='ocrx_word' id='word_1_87' title='bbox 560 1862 594 1929; x_wconf 93' lang='lat' dir='ltr'>S.</span> <span class='ocrx_word' id='word_1_88' title='bbox 614 1863 752 1929; x_wconf 86' lang='lat' dir='ltr'>verbum</span> <span class='ocrx_word' id='word_1_89' title='bbox 776 1884 816 1929; x_wconf 82' lang='lat' dir='ltr'>ex</span> <span class='ocrx_word' id='word_1_90' title='bbox 839 1864 985 1929; x_wconf 87' lang='lat' dir='ltr'>lectione</span> <span class='ocrx_word' id='word_1_91' title='bbox 1005 1865 1089 1930; x_wconf 89' lang='lat' dir='ltr'>Livii</span> <span class='ocrx_word' id='word_1_92' title='bbox 1113 1865 1178 1931; x_wconf 91' lang='lat' dir='ltr'>sibi</span> <span class='ocrx_word' id='word_1_93' title='bbox 1200 1868 1404 1950; x_wconf 83' lang='lat' dir='ltr'>assumpsit“</span> 
     </span>
     <span class='ocr_line' id='line_1_14' title="bbox 193 1972 1404 2063; baseline 0.004 -25"><span class='ocrx_word' id='word_1_94' title='bbox 193 1972 424 2041; x_wconf 85' lang='lat' dir='ltr'>Sehulze159.</span> <span class='ocrx_word' id='word_1_95' title='bbox 457 1976 600 2058; x_wconf 76' lang='lat' dir='ltr'>Propter</span> <span class='ocrx_word' id='word_1_96' title='bbox 622 1976 829 2059; x_wconf 83' lang='lat' dir='ltr'>digestorum</span> <span class='ocrx_word' id='word_1_97' title='bbox 851 1978 964 2041; x_wconf 88' lang='lat' dir='ltr'>locum</span> <span class='ocrx_word' id='word_1_98' title='bbox 986 1977 1028 2041; x_wconf 91' lang='lat' dir='ltr'>de</span> <span class='ocrx_word' id='word_1_99' title='bbox 1051 1977 1240 2044; x_wconf 78' lang='lat' dir='ltr'>imitatione</span> <span class='ocrx_word' id='word_1_100' title='bbox 1256 1980 1404 2063; x_wconf 81' lang='lat' dir='ltr'>cogitare</span> 
     </span>
     <span class='ocr_line' id='line_1_15' title="bbox 194 2092 456 2169; baseline 0.004 -20"><span class='ocrx_word' id='word_1_101' title='bbox 194 2106 278 2169; x_wconf 86' lang='lat' dir='ltr'>opus</span> <span class='ocrx_word' id='word_1_102' title='bbox 302 2107 372 2153; x_wconf 90' lang='lat' dir='ltr'>non</span> <span class='ocrx_word' id='word_1_103' title='bbox 395 2092 456 2153; x_wconf 89' lang='lat' dir='ltr'>est.</span> 
     </span>
    </p>
   </div>
   <div class='ocr_carea' id='block_1_6' title="bbox 149 2248 1406 2563">
    <p class='ocr_par' dir='ltr' id='par_1_6' title="bbox 149 2248 1406 2563">
     <span class='ocr_line' id='line_1_16' title="bbox 149 2248 1405 2335; baseline 0.006 -22"><span class='ocrx_word' id='word_1_104' title='bbox 149 2250 189 2313; x_wconf 92' lang='grc' dir='ltr'>ΙΠ</span> <span class='ocrx_word' id='word_1_105' title='bbox 213 2252 301 2329; x_wconf 81' lang='lat'>31‚8:</span> <span class='ocrx_word' id='word_1_106' title='bbox 321 2248 411 2315; x_wconf 81' lang='lat' dir='ltr'>missi</span> <span class='ocrx_word' id='word_1_107' title='bbox 432 2248 525 2335; x_wconf 81' lang='lat' dir='ltr'>teqati</span> <span class='ocrx_word' id='word_1_108' title='bbox 546 2250 689 2315; x_wconf 81' lang='lat' dir='ltr'>Athenas</span> <span class='ocrx_word' id='word_1_109' title='bbox 704 2249 756 2333; x_wconf 79' lang='lat' dir='ltr'>Sp.</span> <span class='ocrx_word' id='word_1_110' title='bbox 796 2251 835 2317; x_wconf 89' lang='grc' dir='ltr'>ΠΙ</span> <span class='ocrx_word' id='word_1_111' title='bbox 860 2254 947 2332; x_wconf 83' lang='grc'>11,3;</span> <span class='ocrx_word' id='word_1_112' title='bbox 969 2273 1061 2319; x_wconf 73' lang='lat' dir='ltr'>arrio</span> <span class='ocrx_word' id='word_1_113' title='bbox 1080 2274 1102 2320; x_wconf 87' lang='lat' dir='ltr'>o</span> <span class='ocrx_word' id='word_1_114' title='bbox 1123 2252 1331 2335; x_wconf 73' lang='lat' dir='ltr'>Samnitibus,</span> <span class='ocrx_word' id='word_1_115' title='bbox 1351 2254 1405 2321; x_wconf 90' lang='lat' dir='ltr'>in·</span> 
     </span>
     <span class='ocr_line' id='line_1_17' title="bbox 193 2360 1406 2452; baseline 0.005 -27"><span class='ocrx_word' id='word_1_116' title='bbox 193 2360 378 2427; x_wconf 77' lang='lat' dir='ltr'>Postumius</span> <span class='ocrx_word' id='word_1_117' title='bbox 399 2361 510 2443; x_wconf 76' lang='lat' dir='ltr'>Atius,</span> <span class='ocrx_word' id='word_1_118' title='bbox 539 2362 578 2429; x_wconf 82' lang='lat' dir='ltr'>A.</span> <span class='ocrx_word' id='word_1_119' title='bbox 603 2362 757 2441; x_wconf 82' lang='lat' dir='ltr'>Manlius,</span> <span class='ocrx_word' id='word_1_120' title='bbox 837 2362 945 2448; x_wconf 68' lang='lat' dir='ltr'>upum</span> <span class='ocrx_word' id='word_1_121' title='bbox 965 2364 1003 2430; x_wconf 78' lang='lat' dir='ltr'>ab</span> <span class='ocrx_word' id='word_1_122' title='bbox 1030 2365 1151 2447; x_wconf 68' lang='lat' dir='ltr'>nram,</span> <span class='ocrx_word' id='word_1_123' title='bbox 1182 2366 1262 2452; x_wconf 80' lang='lat' dir='ltr'>lepos</span> <span class='ocrx_word' id='word_1_124' title='bbox 1281 2367 1320 2431; x_wconf 83' lang='lat' dir='ltr'>de</span> <span class='ocrx_word' id='word_1_125' title='bbox 1339 2366 1406 2433; x_wconf 83' lang='lat' dir='ltr'>lare</span> 
     </span>
     <span class='ocr_line' id='line_1_18' title="bbox 193 2472 1405 2563; baseline 0.007 -25"><span class='ocrx_word' id='word_1_126' title='bbox 193 2472 232 2538; x_wconf 92' lang='lat' dir='ltr'>P.</span> <span class='ocrx_word' id='word_1_127' title='bbox 257 2473 415 2557; x_wconf 72' lang='lat' dir='ltr'>Sulpicius</span> <span class='ocrx_word' id='word_1_128' title='bbox 443 2474 632 2540; x_wconf 78' lang='lat' dir='ltr'>Camerinus</span> <span class='ocrx_word' id='word_1_129' title='bbox 663 2472 758 2539; x_wconf 87' lang='lat' dir='ltr'>iussi·</span> <span class='ocrx_word' id='word_1_130' title='bbox 837 2475 982 2561; x_wconf 74' lang='lat' dir='ltr'>[qucrpi</span> <span class='ocrx_word' id='word_1_131' title='bbox 1014 2482 1044 2543; x_wconf 87' lang='lat' dir='ltr'>et</span> <span class='ocrx_word' id='word_1_132' title='bbox 1076 2478 1199 2543; x_wconf 77' lang='lat' dir='ltr'>Solonis</span> <span class='ocrx_word' id='word_1_133' title='bbox 1230 2502 1405 2563; x_wconf 77' lang='lat' dir='ltr'>sumpseru-</span> 
     </span>
    </p>
   </div>
   <div class='ocr_carea' id='block_1_7' title="bbox 150 2585 1405 3485">
    <p class='ocr_par' dir='ltr' id='par_1_7' title="bbox 191 2585 1405 2786">
     <span class='ocr_line' id='line_1_19' title="bbox 191 2585 1405 2674; baseline 0.007 -24"><span class='ocrx_word' id='word_1_134' title='bbox 191 2608 251 2668; x_wconf 90' lang='lat' dir='ltr'>que</span> <span class='ocrx_word' id='word_1_135' title='bbox 282 2585 410 2652; x_wconf 83' lang='lat' dir='ltr'>inclitas</span> <span class='ocrx_word' id='word_1_136' title='bbox 442 2585 520 2672; x_wconf 81' lang='lat' dir='ltr'>iepes</span> <span class='ocrx_word' id='word_1_137' title='bbox 552 2585 676 2652; x_wconf 83' lang='lat' dir='ltr'>Solonis</span> <span class='ocrx_word' id='word_1_138' title='bbox 707 2586 758 2652; x_wconf 83' lang='lat' dir='ltr'>cie·</span> <span class='ocrx_word' id='word_1_139' title='bbox 836 2607 917 2652; x_wconf 90' lang='lat' dir='ltr'>mus.</span> <span class='ocrx_word' id='word_1_140' title='bbox 963 2589 1012 2654; x_wconf 81' lang='lat' dir='ltr'>Cf.</span> <span class='ocrx_word' id='word_1_141' title='bbox 1036 2591 1103 2656; x_wconf 91' lang='lat' dir='ltr'>Cic.</span> <span class='ocrx_word' id='word_1_142' title='bbox 1128 2593 1211 2674; x_wconf 81' lang='lat' dir='ltr'>legg.</span> <span class='ocrx_word' id='word_1_143' title='bbox 1239 2593 1338 2659; x_wconf 81' lang='lat'>1159.</span> <span class='ocrx_word' id='word_1_144' title='bbox 1363 2595 1405 2658; x_wconf 80' lang='grc'>64</span> 
     </span>
     <span class='ocr_line' id='line_1_20' title="bbox 191 2699 971 2786; baseline 0.001 -23"><span class='ocrx_word' id='word_1_145' title='bbox 191 2699 323 2764; x_wconf 86' lang='lat' dir='ltr'>scribere</span> <span class='ocrx_word' id='word_1_146' title='bbox 364 2703 395 2764; x_wconf 90' lang='lat' dir='ltr'>et</span> <span class='ocrx_word' id='word_1_147' title='bbox 434 2699 573 2765; x_wconf 88' lang='lat' dir='ltr'>aliarum</span> <span class='ocrx_word' id='word_1_148' title='bbox 609 2699 760 2765; x_wconf 74' lang='lat' dir='ltr'>Graeciae</span> <span class='ocrx_word' id='word_1_149' title='bbox 837 2701 882 2784; x_wconf 84' lang='lat' dir='ltr'>(p.</span> <span class='ocrx_word' id='word_1_150' title='bbox 907 2703 971 2786; x_wconf 74' lang='lat'><strong>74).</strong></span> 
     </span>
    </p>

    <p class='ocr_par' dir='ltr' id='par_1_8' title="bbox 192 2811 758 2878">
     <span class='ocr_line' id='line_1_21' title="bbox 192 2811 758 2878; baseline 0.002 -2"><span class='ocrx_word' id='word_1_151' title='bbox 192 2811 370 2876; x_wconf 85' lang='lat' dir='ltr'>eivitatium</span> <span class='ocrx_word' id='word_1_152' title='bbox 401 2811 553 2878; x_wconf 86' lang='lat' dir='ltr'>instituta</span> <span class='ocrx_word' id='word_1_153' title='bbox 581 2833 681 2877; x_wconf 89' lang='lat' dir='ltr'>mores</span> <span class='ocrx_word' id='word_1_154' title='bbox 708 2811 758 2877; x_wconf 89' lang='lat' dir='ltr'>in-</span> 
     </span>
    </p>

    <p class='ocr_par' dir='ltr' id='par_1_9' title="bbox 191 2945 444 3006">
     <span class='ocr_line' id='line_1_22' title="bbox 191 2945 444 3006; baseline -0.004 -17"><span class='ocrx_word' id='word_1_155' title='bbox 191 2945 290 3006; x_wconf 91' lang='lat' dir='ltr'>raque</span> <span class='ocrx_word' id='word_1_156' title='bbox 311 2945 444 2991; x_wconf 87' lang='lat' dir='ltr'>noscere.</span> 
     </span>
    </p>

    <p class='ocr_par' dir='ltr' id='par_1_10' title="bbox 150 3061 1405 3357">
     <span class='ocr_line' id='line_1_23' title="bbox 150 3061 1404 3146; baseline 0 -18"><span class='ocrx_word' id='word_1_157' title='bbox 150 3064 257 3143; x_wconf 63' lang='lat' dir='ltr'>VM:</span> <span class='ocrx_word' id='word_1_158' title='bbox 279 3083 325 3128; x_wconf 90' lang='lat' dir='ltr'>an</span> <span class='ocrx_word' id='word_1_159' title='bbox 346 3062 438 3129; x_wconf 84' lang='lat' dir='ltr'>si&#39;ad</span> <span class='ocrx_word' id='word_1_160' title='bbox 452 3061 583 3128; x_wconf 68' lang='lat' dir='ltr'>caudas</span> <span class='ocrx_word' id='word_1_161' title='bbox 597 3084 668 3128; x_wconf 89' lang='lat' dir='ltr'>eum</span> <span class='ocrx_word' id='word_1_162' title='bbox 684 3063 758 3146; x_wconf 86' lang='lat' dir='ltr'>(mi-</span> <span class='ocrx_word' id='word_1_163' title='bbox 793 3062 833 3126; x_wconf 86' lang='lat' dir='ltr'>III</span> <span class='ocrx_word' id='word_1_164' title='bbox 858 3063 945 3142; x_wconf 62' lang='lat'><strong>152:</strong></span> <span class='ocrx_word' id='word_1_165' title='bbox 972 3061 1043 3128; x_wconf 85' lang='lat' dir='ltr'>noto</span> <span class='ocrx_word' id='word_1_166' title='bbox 1064 3083 1168 3128; x_wconf 86' lang='lat' dir='ltr'>annos</span> <span class='ocrx_word' id='word_1_167' title='bbox 1189 3064 1231 3129; x_wconf 76' lang='lat' dir='ltr'>aci</span> <span class='ocrx_word' id='word_1_168' title='bbox 1253 3063 1404 3129; x_wconf 78' lang='lat' dir='ltr'>octarium</span> 
     </span>
     <span class='ocr_line' id='line_1_24' title="bbox 191 3175 1404 3262; baseline 0.003 -23"><span class='ocrx_word' id='word_1_169' title='bbox 191 3177 298 3260; x_wconf 79' lang='lat' dir='ltr'>litem)</span> <span class='ocrx_word' id='word_1_170' title='bbox 313 3175 592 3258; x_wconf 57' lang='lat' dir='ltr'>reipublicorum</span> <span class='ocrx_word' id='word_1_171' title='bbox 614 3195 682 3240; x_wconf 86' lang='lat' dir='ltr'>non</span> <span class='ocrx_word' id='word_1_172' title='bbox 696 3197 757 3240; x_wconf 91' lang='lat' dir='ltr'>me·</span> <span class='ocrx_word' id='word_1_173' title='bbox 834 3195 928 3241; x_wconf 87' lang='lat' dir='ltr'>voces.</span> <span class='ocrx_word' id='word_1_174' title='bbox 952 3214 994 3222; x_wconf 96' lang='lat'><em>-</em></span> <span class='ocrx_word' id='word_1_175' title='bbox 1010 3199 1132 3262; x_wconf 83' lang='lat' dir='ltr'>„quam</span> <span class='ocrx_word' id='word_1_176' title='bbox 1147 3179 1353 3245; x_wconf 89' lang='lat' dir='ltr'>locutionem</span> <span class='ocrx_word' id='word_1_177' title='bbox 1369 3180 1404 3244; x_wconf 88' lang='lat' dir='ltr'>S.</span> 
     </span>
     <span class='ocr_line' id='line_1_25' title="bbox 190 3286 1405 3357; baseline 0.005 -7"><span class='ocrx_word' id='word_1_178' title='bbox 190 3286 253 3353; x_wconf 89' lang='lat' dir='ltr'>rito</span> <span class='ocrx_word' id='word_1_179' title='bbox 275 3287 389 3353; x_wconf 84' lang='lat' dir='ltr'>dicat..</span> <span class='ocrx_word' id='word_1_180' title='bbox 413 3339 421 3355; x_wconf 88' lang='lat'><strong><em>.</em></strong></span> <span class='ocrx_word' id='word_1_181' title='bbox 445 3287 480 3354; x_wconf 61' lang='grc' dir='ltr'>,ἷῑ</span> <span class='ocrx_word' id='word_1_182' title='bbox 836 3289 910 3353; x_wconf 88' lang='lat' dir='ltr'>sine</span> <span class='ocrx_word' id='word_1_183' title='bbox 942 3289 1044 3354; x_wconf 90' lang='lat' dir='ltr'>dubio</span> <span class='ocrx_word' id='word_1_184' title='bbox 1079 3311 1119 3357; x_wconf 81' lang='lat' dir='ltr'>ex</span> <span class='ocrx_word' id='word_1_185' title='bbox 1149 3291 1232 3356; x_wconf 87' lang='lat' dir='ltr'>Livii</span> <span class='ocrx_word' id='word_1_186' title='bbox 1260 3291 1405 3356; x_wconf 89' lang='lat' dir='ltr'>lectione</span> 
     </span>
    </p>

    <p class='ocr_par' dir='ltr' id='par_1_11' title="bbox 836 3402 1404 3485">
     <span class='ocr_line' id='line_1_26' title="bbox 836 3402 1404 3485; baseline 0.007 -20"><span class='ocrx_word' id='word_1_187' title='bbox 836 3402 901 3466; x_wconf 90' lang='lat' dir='ltr'>sibi</span> <span class='ocrx_word' id='word_1_188' title='bbox 924 3404 1128 3485; x_wconf 86' lang='lat' dir='ltr'>assumpsit“</span> <span class='ocrx_word' id='word_1_189' title='bbox 1167 3404 1308 3469; x_wconf 86' lang='lat' dir='ltr'>Sehulze</span> <span class='ocrx_word' id='word_1_190' title='bbox 1334 3407 1404 3470; x_wconf 84' lang='lat' dir='ltr'>1o8.</span> 
     </span>
    </p>
   </div>
   <div class='ocr_carea' id='block_1_8' title="bbox 835 3513 1404 3712">
    <p class='ocr_par' dir='ltr' id='par_1_12' title="bbox 835 3513 1404 3712">
     <span class='ocr_line' id='line_1_27' title="bbox 836 3513 1404 3600; baseline 0.004 -22"><span class='ocrx_word' id='word_1_191' title='bbox 836 3513 873 3577; x_wconf 91' lang='lat' dir='ltr'>Si</span> <span class='ocrx_word' id='word_1_192' title='bbox 895 3534 937 3580; x_wconf 83' lang='lat' dir='ltr'>ex</span> <span class='ocrx_word' id='word_1_193' title='bbox 958 3515 1027 3580; x_wconf 90' lang='lat' dir='ltr'>ullo</span> <span class='ocrx_word' id='word_1_194' title='bbox 1051 3518 1226 3600; x_wconf 84' lang='lat' dir='ltr'>scriptore,</span> <span class='ocrx_word' id='word_1_195' title='bbox 1248 3518 1361 3600; x_wconf 90' lang='lat' dir='ltr'>potius</span> <span class='ocrx_word' id='word_1_196' title='bbox 1384 3537 1404 3580; x_wconf 91' lang='lat' dir='ltr'>e</span> 
     </span>
     <span class='ocr_line' id='line_1_28' title="bbox 835 3626 1404 3712; baseline 0.005 -22"><span class='ocrx_word' id='word_1_197' title='bbox 835 3626 902 3691; x_wconf 87' lang='lat' dir='ltr'>Cic.</span> <span class='ocrx_word' id='word_1_198' title='bbox 920 3628 1007 3692; x_wconf 87' lang='lat' dir='ltr'>Lael.</span> <span class='ocrx_word' id='word_1_199' title='bbox 1023 3629 1066 3693; x_wconf 80' lang='lat'>58</span> <span class='ocrx_word' id='word_1_200' title='bbox 1082 3631 1195 3695; x_wconf 87' lang='lat' dir='ltr'>hausit</span> <span class='ocrx_word' id='word_1_201' title='bbox 1214 3630 1271 3712; x_wconf 79' lang='lat' dir='ltr'>(ct.</span> <span class='ocrx_word' id='word_1_202' title='bbox 1288 3650 1321 3712; x_wconf 91' lang='lat' dir='ltr'>p.</span> <span class='ocrx_word' id='word_1_203' title='bbox 1339 3630 1404 3712; x_wconf 78' lang='lat'><strong>75).</strong></span> 
     </span>
    </p>
   </div>
   <div class='ocr_carea' id='block_1_9' title="bbox 149 3762 1404 4075">
    <p class='ocr_par' dir='ltr' id='par_1_13' title="bbox 149 3762 1404 4075">
     <span class='ocr_line' id='line_1_29' title="bbox 149 3762 1404 3850; baseline -0.002 -18"><span class='ocrx_word' id='word_1_204' title='bbox 149 3767 285 3846; x_wconf 69' lang='lat' dir='ltr'>Vi3‚5:</span> <span class='ocrx_word' id='word_1_205' title='bbox 319 3762 457 3830; x_wconf 74' lang='lat' dir='ltr'>monime</span> <span class='ocrx_word' id='word_1_206' title='bbox 481 3767 661 3848; x_wconf 74' lang='lat' dir='ltr'>consputus</span> <span class='ocrx_word' id='word_1_207' title='bbox 692 3763 758 3846; x_wconf 84' lang='lat' dir='ltr'>ipse</span> <span class='ocrx_word' id='word_1_208' title='bbox 792 3766 850 3830; x_wconf 91' lang='lat' dir='ltr'>rel.</span> <span class='ocrx_word' id='word_1_209' title='bbox 874 3765 943 3842; x_wconf 80' lang='grc'>4,3;</span> <span class='ocrx_word' id='word_1_210' title='bbox 974 3763 1220 3832; x_wconf 75' lang='lat' dir='ltr'>imitamentum</span> <span class='ocrx_word' id='word_1_211' title='bbox 1241 3764 1404 3850; x_wconf 68' lang='lat' dir='ltr'>surperbiae</span> 
     </span>
     <span class='ocr_line' id='line_1_30' title="bbox 191 3874 1404 3962; baseline 0.002 -21"><span class='ocrx_word' id='word_1_212' title='bbox 191 3882 236 3941; x_wconf 85' lang='lat' dir='ltr'>est</span> <span class='ocrx_word' id='word_1_213' title='bbox 263 3878 450 3961; x_wconf 86' lang='lat' dir='ltr'>(Camillus)</span> <span class='ocrx_word' id='word_1_214' title='bbox 478 3897 578 3942; x_wconf 77' lang='lat' dir='ltr'>aaran</span> <span class='ocrx_word' id='word_1_215' title='bbox 604 3875 691 3960; x_wconf 84' lang='lat' dir='ltr'>equis</span> <span class='ocrx_word' id='word_1_216' title='bbox 712 3875 756 3941; x_wconf 87' lang='lat' dir='ltr'>ai-</span> <span class='ocrx_word' id='word_1_217' title='bbox 835 3874 939 3941; x_wconf 78' lang='lat' dir='ltr'>Roma</span> <span class='ocrx_word' id='word_1_218' title='bbox 969 3881 1074 3942; x_wconf 86' lang='lat' dir='ltr'>vestra</span> <span class='ocrx_word' id='word_1_219' title='bbox 1099 3899 1169 3944; x_wconf 87' lang='lat' dir='ltr'>uon</span> <span class='ocrx_word' id='word_1_220' title='bbox 1192 3878 1321 3962; x_wconf 89' lang='lat' dir='ltr'>patitur</span> <span class='ocrx_word' id='word_1_221' title='bbox 1342 3901 1404 3944; x_wconf 89' lang='lat' dir='ltr'>me·</span> 
     </span>
     <span class='ocr_line' id='line_1_31' title="bbox 192 3987 1403 4075; baseline 0.003 -22"><span class='ocrx_word' id='word_1_222' title='bbox 192 3987 238 4053; x_wconf 81' lang='lat' dir='ltr'>iris</span> <span class='ocrx_word' id='word_1_223' title='bbox 259 3988 368 4054; x_wconf 85' lang='lat' dir='ltr'>iuncto</span> <span class='ocrx_word' id='word_1_224' title='bbox 388 3987 496 4054; x_wconf 86' lang='lat' dir='ltr'>urbem</span> <span class='ocrx_word' id='word_1_225' title='bbox 518 3988 677 4068; x_wconf 71' lang='lat' dir='ltr'>invectus·</span> <span class='ocrx_word' id='word_1_226' title='bbox 697 4009 757 4072; x_wconf 90' lang='lat' dir='ltr'>pa-</span> <span class='ocrx_word' id='word_1_227' title='bbox 834 4008 904 4052; x_wconf 88' lang='lat' dir='ltr'>mor</span> <span class='ocrx_word' id='word_1_228' title='bbox 922 3987 1038 4053; x_wconf 75' lang='lat' dir='ltr'>scilicet</span> <span class='ocrx_word' id='word_1_229' title='bbox 1051 3989 1203 4056; x_wconf 77' lang='lat' dir='ltr'>bononem</span> <span class='ocrx_word' id='word_1_230' title='bbox 1218 3996 1403 4075; x_wconf 86' lang='lat' dir='ltr'>parentum,</span> 
     </span>
    </p>
   </div>
   <div class='ocr_carea' id='block_1_10' title="bbox 190 4099 758 4864">
    <p class='ocr_par' dir='ltr' id='par_1_14' title="bbox 190 4099 758 4864">
     <span class='ocr_line' id='line_1_32' title="bbox 191 4099 758 4184; baseline -0.004 -18"><span class='ocrx_word' id='word_1_231' title='bbox 191 4120 325 4184; x_wconf 70' lang='lat' dir='ltr'>mirque</span> <span class='ocrx_word' id='word_1_232' title='bbox 345 4099 380 4166; x_wconf 82' lang='lat' dir='ltr'>id</span> <span class='ocrx_word' id='word_1_233' title='bbox 400 4119 469 4166; x_wconf 89' lang='lat' dir='ltr'>non</span> <span class='ocrx_word' id='word_1_234' title='bbox 483 4099 572 4165; x_wconf 76' lang='lat' dir='ltr'>civite</span> <span class='ocrx_word' id='word_1_235' title='bbox 585 4100 683 4182; x_wconf 81' lang='lat' dir='ltr'>moda,</span> <span class='ocrx_word' id='word_1_236' title='bbox 705 4099 758 4164; x_wconf 81' lang='lat' dir='ltr'>seri</span> 
     </span>
     <span class='ocr_line' id='line_1_33' title="bbox 191 4211 756 4297; baseline -0.002 -19"><span class='ocrx_word' id='word_1_237' title='bbox 191 4212 369 4279; x_wconf 79' lang='lat' dir='ltr'>irunmnum</span> <span class='ocrx_word' id='word_1_238' title='bbox 390 4211 486 4278; x_wconf 89' lang='lat' dir='ltr'>etiam</span> <span class='ocrx_word' id='word_1_239' title='bbox 506 4211 619 4279; x_wconf 81' lang='lat' dir='ltr'>risum.</span> <span class='ocrx_word' id='word_1_240' title='bbox 643 4213 689 4297; x_wconf 89' lang='grc'>(6)</span> <span class='ocrx_word' id='word_1_241' title='bbox 706 4211 756 4276; x_wconf 88' lang='grc' dir='ltr'>Ιο-</span> 
     </span>
     <span class='ocr_line' id='line_1_34' title="bbox 190 4323 758 4410; baseline 0 -20"><span class='ocrx_word' id='word_1_242' title='bbox 190 4326 239 4391; x_wconf 84' lang='lat' dir='ltr'>ais</span> <span class='ocrx_word' id='word_1_243' title='bbox 251 4325 391 4409; x_wconf 81' lang='lat' dir='ltr'>Solisque</span> <span class='ocrx_word' id='word_1_244' title='bbox 412 4324 500 4409; x_wconf 88' lang='lat' dir='ltr'>equis</span> <span class='ocrx_word' id='word_1_245' title='bbox 521 4323 758 4410; x_wconf 80' lang='lat' dir='ltr'>aequiperatum</span> 
     </span>
     <span class='ocr_line' id='line_1_35' title="bbox 190 4437 758 4524; baseline 0 -20"><span class='ocrx_word' id='word_1_246' title='bbox 190 4439 371 4506; x_wconf 83' lang='lat' dir='ltr'>dictatorcm</span> <span class='ocrx_word' id='word_1_247' title='bbox 397 4437 436 4504; x_wconf 90' lang='lat' dir='ltr'>in</span> <span class='ocrx_word' id='word_1_248' title='bbox 461 4437 642 4524; x_wconf 76' lang='lat' dir='ltr'>rctipionem</span> <span class='ocrx_word' id='word_1_249' title='bbox 663 4437 758 4504; x_wconf 87' lang='lat' dir='ltr'>etium</span> 
     </span>
     <span class='ocr_line' id='line_1_36' title="bbox 192 4549 757 4636; baseline 0 -20"><span class='ocrx_word' id='word_1_250' title='bbox 192 4551 358 4618; x_wconf 73' lang='lat' dir='ltr'>trahebant</span> <span class='ocrx_word' id='word_1_251' title='bbox 380 4551 621 4636; x_wconf 78' lang='lat' dir='ltr'>triumphusque</span> <span class='ocrx_word' id='word_1_252' title='bbox 641 4549 676 4616; x_wconf 85' lang='lat' dir='ltr'>ob</span> <span class='ocrx_word' id='word_1_253' title='bbox 690 4571 757 4616; x_wconf 86' lang='lat' dir='ltr'>eam</span> 
     </span>
     <span class='ocr_line' id='line_1_37' title="bbox 190 4661 758 4746; baseline -0.002 -16"><span class='ocrx_word' id='word_1_254' title='bbox 190 4685 291 4732; x_wconf 87' lang='lat' dir='ltr'>unam</span> <span class='ocrx_word' id='word_1_255' title='bbox 305 4664 444 4731; x_wconf 79' lang='lat' dir='ltr'>manime</span> <span class='ocrx_word' id='word_1_256' title='bbox 457 4687 524 4730; x_wconf 86' lang='lat' dir='ltr'>rem</span> <span class='ocrx_word' id='word_1_257' title='bbox 539 4661 758 4746; x_wconf 72' lang='lat' dir='ltr'>enumquam</span> 
     </span>
     <span class='ocr_line' id='line_1_38' title="bbox 190 4776 409 4864; baseline 0.005 -20"><span class='ocrx_word' id='word_1_258' title='bbox 190 4777 314 4864; x_wconf 82' lang='lat' dir='ltr'>qratior</span> <span class='ocrx_word' id='word_1_259' title='bbox 333 4776 409 4862; x_wconf 75' lang='lat' dir='ltr'>suit.</span> 
     </span>
    </p>
   </div>
   <div class='ocr_carea' id='block_1_11' title="bbox 834 4099 1405 4639">
    <p class='ocr_par' dir='ltr' id='par_1_15' title="bbox 834 4099 1405 4639">
     <span class='ocr_line' id='line_1_39' title="bbox 834 4099 1403 4188; baseline 0.009 -24"><span class='ocrx_word' id='word_1_260' title='bbox 834 4119 911 4182; x_wconf 89' lang='lat' dir='ltr'>quos</span> <span class='ocrx_word' id='word_1_261' title='bbox 937 4099 1138 4183; x_wconf 79' lang='lat' dir='ltr'>Tarquinius</span> <span class='ocrx_word' id='word_1_262' title='bbox 1163 4101 1269 4186; x_wconf 88' lang='lat' dir='ltr'>fastus</span> <span class='ocrx_word' id='word_1_263' title='bbox 1294 4109 1324 4169; x_wconf 92' lang='lat' dir='ltr'>et</span> <span class='ocrx_word' id='word_1_264' title='bbox 1355 4104 1403 4188; x_wconf 89' lang='lat' dir='ltr'>ip·</span> 
     </span>
     <span class='ocr_line' id='line_1_40' title="bbox 834 4211 1404 4298; baseline 0.009 -22"><span class='ocrx_word' id='word_1_265' title='bbox 834 4211 904 4277; x_wconf 86' lang='lat' dir='ltr'>sius</span> <span class='ocrx_word' id='word_1_266' title='bbox 936 4211 1062 4278; x_wconf 81' lang='lat' dir='ltr'>Gamiiii</span> <span class='ocrx_word' id='word_1_267' title='bbox 1102 4236 1219 4280; x_wconf 81' lang='lat' dir='ltr'>curmrs</span> <span class='ocrx_word' id='word_1_268' title='bbox 1256 4215 1404 4298; x_wconf 83' lang='lat' dir='ltr'>offeruiit;</span> 
     </span>
     <span class='ocr_line' id='line_1_41' title="bbox 834 4325 1405 4394; baseline 0.009 -5"><span class='ocrx_word' id='word_1_269' title='bbox 834 4345 913 4390; x_wconf 88' lang='lat' dir='ltr'>num</span> <span class='ocrx_word' id='word_1_270' title='bbox 950 4329 1040 4390; x_wconf 89' lang='lat' dir='ltr'>tanto</span> <span class='ocrx_word' id='word_1_271' title='bbox 1075 4325 1123 4390; x_wconf 82' lang='lat' dir='ltr'>iiii</span> <span class='ocrx_word' id='word_1_272' title='bbox 1165 4327 1234 4392; x_wconf 80' lang='lat' dir='ltr'>uiro</span> <span class='ocrx_word' id='word_1_273' title='bbox 1269 4327 1405 4394; x_wconf 78' lang='lat' dir='ltr'>albentes</span> 
     </span>
     <span class='ocr_line' id='line_1_42' title="bbox 834 4435 1403 4525; baseline 0.011 -23"><span class='ocrx_word' id='word_1_274' title='bbox 834 4435 1008 4524; x_wconf 78' lang='lat' dir='ltr'>quadriqoe</span> <span class='ocrx_word' id='word_1_275' title='bbox 1034 4437 1166 4504; x_wconf 66' lang='lat' dir='ltr'>erutam</span> <span class='ocrx_word' id='word_1_276' title='bbox 1194 4438 1284 4506; x_wconf 61' lang='lat' dir='ltr'>triste</span> <span class='ocrx_word' id='word_1_277' title='bbox 1310 4463 1403 4525; x_wconf 84' lang='lat' dir='ltr'>pepo·</span> 
     </span>
     <span class='ocr_line' id='line_1_43' title="bbox 834 4552 1242 4639; baseline 0.015 -25"><span class='ocrx_word' id='word_1_278' title='bbox 834 4553 951 4615; x_wconf 75' lang='lat' dir='ltr'>rerrmt</span> <span class='ocrx_word' id='word_1_279' title='bbox 971 4552 1026 4634; x_wconf 83' lang='lat' dir='ltr'>(ct.</span> <span class='ocrx_word' id='word_1_280' title='bbox 1048 4572 1081 4634; x_wconf 88' lang='lat' dir='ltr'>p.</span> <span class='ocrx_word' id='word_1_281' title='bbox 1107 4555 1146 4619; x_wconf 89' lang='lat'>18</span> <span class='ocrx_word' id='word_1_282' title='bbox 1168 4557 1242 4639; x_wconf 71' lang='lat' dir='ltr'>sq).</span> 
     </span>
    </p>
   </div>
   <div class='ocr_carea' id='block_1_12' title="bbox 1232 4901 1250 4952">
    <p class='ocr_par' dir='ltr' id='par_1_16' title="bbox 1232 4901 1250 4952">
     <span class='ocr_line' id='line_1_44' title="bbox 1232 4901 1250 4952; baseline 0 0"><span class='ocrx_word' id='word_1_283' title='bbox 1232 4901 1250 4952; x_wconf 90' lang='grc'><strong>6</strong></span> 
     </span>
    </p>
   </div>
   <div class='ocr_carea' id='block_1_13' title="bbox 0 0 1734 5200">
    <p class='ocr_par' dir='ltr' id='par_1_17' title="bbox 0 0 1734 5200">
     <span class='ocr_line' id='line_1_45' title="bbox 0 0 1734 5200; baseline 0 0"><span class='ocrx_word' id='word_1_284' title='bbox 0 0 1734 5200; x_wconf 95' lang='lat' dir='ltr'> </span> 
     </span>
    </p>
   </div>
  </div>
 </body>
</html>
