3459 5200
700 447 742 513 29

120 647 277 726 pareretur
291 641 432 726 nihilque
451 663 508 708 rex
526 641 631 708 mains
651 642 767 708 minari
784 643 870 708 male
887 643 1075 728 parentibus
1093 650 1215 730 posset,
1236 663 1331 727 qnam

118 757 150 814 ut
171 749 294 816 abirent
316 771 334 816 e
356 770 466 833 regno.
495 753 549 815 scd
566 759 730 835 postquam
755 750 1003 836 subrepentibus
1025 750 1114 816 vitiis
1137 751 1170 814 in
1194 755 1329 834 tyranni-

117 859 179 922 dem
202 876 302 940 regna
325 877 483 923 conversa
506 864 588 940 sunt,
613 877 694 942 epus
718 876 792 922 esse
816 857 924 942 eoepit
947 859 1067 943 dspihcm
1090 877 1173 941 quas
1189 864 1222 923 et
1241 857 1331 943 ipsas

118 963 193 1029 inter
218 963 312 1029 initia
340 964 442 1030 tulere
466 964 646 1048 sapientes:
675 964 778 1045 Solon,
803 965 859 1048 qui
882 964 1019 1030 Athenas
1041 983 1146 1048 aeque
1170 964 1239 1030 iure
1262 963 1331 1030 fun·

116 1069 209 1154 davit,
236 1071 320 1138 inter
349 1078 471 1158 septem
501 1071 575 1138 aevi
607 1071 770 1157 sapientia
802 1079 906 1140 notos.
953 1075 1123 1156 lachryme
1156 1073 1185 1138 si
1217 1071 1331 1138 eadem

115 1184 202 1244 aetas
224 1177 361 1263 tulisset,
380 1199 473 1244 sacro
497 1178 545 1243 illi
568 1197 698 1244 numero
722 1178 919 1245 accessisset
941 1185 1086 1248 octavus.
1167 1179 1332 1246 Hactenus

113 1283 284 1350 Posidonio
318 1285 493 1353 adsentior.
521 1323 562 1332 -
593 1285 652 1371 Ep.
677 1287 729 1352 95.
756 1289 811 1352 14:
844 1291 995 1371 poterant
1024 1286 1112 1354 vitiis
1144 1288 1332 1372 sirnplicibaa

113 1392 236 1457 obstare
259 1391 404 1459 remedia
427 1395 587 1477 sirnplicic.
620 1429 662 1440 ·-
697 1392 787 1457 Conl.
821 1392 1014 1478 fragmenta,
1045 1414 1129 1477 quae
1161 1394 1267 1460 solent
1293 1393 1329 1458 L.

114 1497 240 1566 Annaeo
266 1501 412 1567 Senecae
436 1501 541 1585 tribui,
561 1506 705 1564 attamen
728 1499 770 1564 ad
794 1499 949 1566 historias
972 1501 1075 1586 patris
1098 1499 1269 1567 referenda
1285 1501 1331 1566 vi·

112 1604 229 1688 dentur,
245 1606 335 1692 apud
348 1608 496 1673 Laetant.
511 1606 682 1674 instit.le
701 1609 751 1674 15.
770 1610 809 1674 14
830 1607 970 1689 (Seneca
984 1608 1032 1674 ΙΙΙ
1043 1630 1074 1693 p.
1090 1610 1184 1689 43⁵0:
1200 1615 1235 1673 at
1254 1628 1331 1674 vere

111 1713 282 1796 Tarquinio
305 1721 461 1797 regnante
480 1735 551 1779 eum
573 1715 638 1780 iam
661 1713 755 1796 quasi
774 1712 887 1780 adulta
901 1714 1331 1801 esseeeeplssetserritium

111 1839 169 1884 non
193 1819 308 1886 tulisse
332 1827 364 1887 et
386 1822 508 1888 reiecto
529 1823 688 1906 superbae
708 1821 938 1888 dominationis
958 1823 1035 1907 iugo
1054 1825 1197 1888 maluisse
1219 1824 1332 1906 botua

110 1927 317 2016 obtemperare
340 1949 436 2012 quam
459 1931 588 2012 napibus.
611 1928 707 2012 (conf.
728 1927 765 1998 Ο.
785 1929 968 1996 Rossbach:
992 1930 1042 1995 De
1060 1929 1205 1997 Senecae
1228 1929 1330 2015 philo·

111 2033 199 2118 sophi
213 2034 368 2102 librorum
382 2037 570 2102 recensione
585 2035 860 2121 aemendatione,
871 2037 1090 2103 Vratislaviae
1103 2039 1187 2104 1888
1198 2058 1230 2122 p.
1243 2039 1330 2119 164).

194 2141 288 2208 Unde
312 2142 488 2210 verisimile
516 2143 553 2208 tit
575 2145 724 2209 Tacitum
747 2164 811 2209 nen
835 2164 853 2210 e
877 2145 1042 2229 superiore
1066 2144 1102 2212 L.
1125 2143 1251 2209 Annaei
1274 2143 1331 2210 Se·

110 2268 206 2315 necae
228 2251 302 2316 loeo
323 2251 473 2336 pendere,
493 2251 551 2318 sed
571 2259 738 2335 utrumqne
756 2273 775 2318 e
794 2252 940 2318 Senecae
960 2252 1063 2336 patris
1082 2251 1226 2318 historiis
1246 2271 1330 2317 nune

109 2354 284 2440 deperditis
308 2358 467 2426 hausisse.

191 2572 230 2641 T.
254 2575 338 2640 Ann.
358 2574 404 2641 IV
420 2577 473 2641 36.
498 2576 552 2641 12:
578 2593 670 2657 quem
695 2573 804 2640 edium
827 2574 990 2659 publicum
1014 2578 1156 2641 latiorem
1179 2572 1329 2641 iaciebat

192 2680 224 2749 S.
248 2681 310 2767 Ep.
334 2684 386 2749 96.
411 2686 447 2747 5:
472 2685 528 2747 luti
550 2681 763 2748 contumeliae
787 2702 897 2751 eausa.

192 2895 230 2963 T.
254 2896 339 2963 Anu.
363 2895 409 2960 VI
423 2899 454 2962 6.
478 2898 514 2963 5:
538 2894 622 2961 adeo
639 2901 790 2980 factumn
813 2902 912 2979 alque
934 2895 1060 2979 flagitia
1083 2916 1143 2962 sna
1165 2896 1229 2981 ipsi
1252 2879 1329 2979 qne·
1359 2911 1363 2919 ·

108 3020 166 3082 que
188 3001 220 3067 in
244 3005 427 3087 supplicium
449 3012 611 3069 oertmonl.
688 3004 807 3089 quippe
830 3003 996 3070 Tiberium
1018 3024 1082 3069 nen
1098 3008 1242 3087 sortem,
1265 3022 1329 3067 non

107 3110 280 3175 solitudines
304 3111 518 3194 protegebant
540 3110 615 3193 quin
640 3119 791 3178 terremotu
806 3111 948 3196 pecteris
966 3130 1108 3193 suasque
1125 3110 1198 3196 ipse
1211 3131 1329 3194 poenus

106 3212 267 3285 fateretur.

192 3324 222 3389 S.
252 3324 313 3409 Ep.
337 3327 388 3391 97.
412 3327 552 3391 13—16:
571 3324 669 3405 „Ideo
684 3346 747 3390 non
762 3323 896 3410 prodest
910 3328 1004 3391 lolem
1017 3325 1236 3410 peccantibus,
1252 3324 1329 3408 quia

108 3430 216 3497 latendi
240 3430 367 3497 etiarnsi
392 3430 579 3497 felicitatem
602 3431 729 3519 habent,
758 3432 908 3499 fiduciam
932 3453 997 3497 non
1019 3431 1170 3500 habent!
1198 3431 1247 3496 ita
1270 3437 1329 3516 est,

106 3540 173 3601 tuta
201 3537 328 3604 seelera
361 3560 434 3606 esse
465 3546 608 3625 possunt,
642 3560 756 3606 secura
788 3560 852 3605 non
883 3545 1029 3624 possunt.
1126 3537 1203 3623 quia
1225 3538 1329 3623 prima

107 3641 162 3708 illa
185 3652 217 3711 et
240 3646 383 3711 maxima
407 3646 608 3732 peccantium
633 3655 683 3713 est
700 3669 811 3732 poam,
838 3666 995 3731 peccasse
1014 3666 1075 3712 nee
1095 3645 1194 3711 ullum
1212 3646 1330 3729 scelus,

107 3748 178 3817 lieet
201 3752 284 3819 illud
301 3759 434 3838 fortune
457 3762 590 3821 exornet
617 3755 800 3821 muneribus
829 3754 905 3839 suis,
933 3754 1009 3819 lieet
1037 3760 1165 3819 tueatur
1191 3772 1231 3818 ae
1260 3752 1328 3818 vin·

106 3856 197 3946 dicet
227 3861 407 3945 inpunitum
432 3868 490 3941 est,
520 3862 671 3945 quoniam
694 3861 826 3929 sceleris
849 3861 883 3925 in
907 3861 1030 3927 scelere
1057 3863 1240 3946 supplicium
1268 3866 1327 3928 est.

174 3966 227 4033 bio
251 3971 489 4035 eonsentiamus
514 3973 572 4051 (se.
597 3970 750 4055 Epicuro)
774 3969 861 4035 mala
878 3972 1026 4052 jecinora
1051 3966 1250 4033 conscientia
1271 3966 1328 4031 fla-

108 4072 220 4152 gellari
253 4082 286 4141 et
317 4076 484 4161 plurimum
514 4076 560 4140 illi
594 4085 814 4144 tenimentorum
846 4096 920 4143 esse
958 4096 1006 4161 ee,
1044 4074 1131 4159 qued
1167 4081 1326 4159 perpetua

107 4178 192 4247 illam
226 4183 409 4249 sollicitudo
443 4191 537 4269 urget
568 4204 608 4248 ac
641 4185 799 4251 verberat.
901 4183 1019 4248 multus
1043 4188 1176 4267 fortune
1207 4180 1326 4245 liberat

104 4309 211 4371 poetro,
236 4298 320 4356 melu
349 4292 517 4358 neminem.
613 4290 686 4357 ideo
715 4312 887 4375 numquam
915 4289 998 4356 fides
1026 4292 1139 4355 tctmsdi
1165 4288 1201 4352 fit
1229 4286 1328 4353 etiam

109 4395 275 4477 latentibus,
300 4398 377 4481 qnia
405 4398 553 4483 coarguit
581 4398 654 4465 illos
682 4400 883 4465 conscientia
911 4405 943 4463 et
969 4397 1059 4481 ipsos
1088 4395 1149 4463 sibi
1177 4393 1327 4464 ostendit.

107 4503 267 4587 preprium
291 4513 398 4571 autem
421 4512 471 4571 est
494 4506 676 4571 noeentium
699 4504 874 4592 trepidare.
922 4504 1006 4569 male
1030 4504 1071 4569 de
1100 4502 1192 4568 nobis
1220 4508 1328 4568 aetum

109 4616 183 4696 erat,
207 4611 292 4695 quod
315 4613 416 4679 multa
439 4613 563 4680 seelera
587 4614 692 4697 legem
716 4621 749 4679 et
771 4613 933 4679 vindicem
961 4611 1119 4694 effugiunt
1146 4616 1180 4675 et
1206 4609 1329 4695 scripta

110 4720 263 4803 supplicio,
286 4721 349 4788 nisi
373 4721 430 4787 illa
453 4721 616 4789 naturalia
639 4728 672 4789 et
699 4721 813 4807 gravia
841 4720 883 4787 de
911 4719 1136 4805 praesentibus
1164 4717 1329 4785 solverent
