3459 5200
714 416 755 480 67

631 507 844 514 ————.....

118 611 183 676 stili
214 632 276 695 per
304 611 433 694 singula
460 611 566 675 Taciti
595 632 695 696 opera
724 631 839 696 sparsa
869 612 1183 697 comprehendimus,
1211 611 1349 678 efficitur

118 717 192 783 hoc:
218 718 257 782 ln
283 719 423 802 dialog0,
446 717 479 782 in
503 739 565 802 quo
581 719 690 784 studia
704 719 846 784 oratoria
861 720 1044 804 posteritati
1060 722 1195 786 Tacitus
1209 721 1348 803 reliquit,

118 832 152 889 nt
177 847 213 891 sc
238 832 402 892 oratorem
426 825 586 910 exhibeat,
611 826 813 912 Ciceronem,
846 826 1049 909 eloquentiae
1077 828 1270 913 principem,
1299 848 1348 893 sc·

118 933 237 1018 quitur,
263 934 310 998 ita
335 927 451 1014 tamen,
477 942 511 998 ut
534 933 620 998 levia
644 933 785 1018 vestigia
810 933 880 1000 eius
904 933 1065 1011 dictionis,
1095 955 1179 1018 quac
1203 942 1269 999 tuur
1293 932 1347 999 do-

119 1040 316 1119 minabatur,
341 1040 375 1104 id
399 1048 450 1106 est
472 1041 679 1120 Aunacanac,
706 1039 997 1126 deprehendantur.
1031 1041 1159 1108 Deinde
1183 1041 1226 1106 ad
1250 1041 1349 1105 aliam

119 1167 297 1213 conversus
321 1147 489 1212 materiam
513 1146 651 1230 ideoque
675 1147 718 1212 ad
739 1148 838 1212 aliam
858 1148 925 1212 stili
940 1148 1074 1213 formam
1090 1169 1163 1214 sose
1178 1148 1348 1233 applicans

118 1254 223 1338 prima
248 1254 405 1320 historiae
434 1254 687 1320 conscribendae
716 1255 795 1321 artis
828 1254 977 1339 exempla
1011 1257 1189 1340 composuit
1221 1255 1348 1321 libellos

119 1360 201 1428 duos
225 1362 321 1447 parvi
345 1362 493 1446 ambitus,
508 1361 692 1444 Agricolam
718 1369 749 1427 ct
773 1362 1039 1447 Germaniarum
1062 1363 1348 1446 quibusqnantum

120 1471 247 1534 Seneca
276 1469 319 1534 ad
343 1469 450 1534 Taciti
477 1469 641 1552 ingenium
675 1469 821 1534 habuerit
854 1476 1056 1552 momentum,
1089 1477 1202 1554 aperte
1235 1471 1347 1535 elucet.

119 1577 201 1642 Nam
226 1578 259 1640 iu
285 1577 342 1660 cis,
365 1597 448 1660 quae
464 1576 693 1642 Germanorum
713 1577 854 1642 moribus
874 1577 921 1641 ita
935 1576 1081 1641 attribuit
1095 1577 1230 1642 Tacitus
1245 1576 1347 1641 laudi-

121 1685 244 1766 busque
279 1684 406 1767 entulit,
440 1691 474 1748 ut
507 1705 547 1748 ca
580 1684 758 1748 imitatione
787 1685 887 1766 digna
916 1685 1069 1749 Romanis
1102 1684 1349 1768 commendaret,

120 1812 180 1854 000
206 1812 315 1875 pauca
343 1801 430 1873 sunt,
460 1811 558 1876 quae,
587 1791 714 1856 etiamsi
749 1791 836 1876 apud
871 1791 944 1856 illos
973 1790 1171 1874 aliquamdiu
1200 1799 1349 1857 versatus

121 1904 215 1980 essct,
240 1899 374 1982 cognita
397 1898 516 1963 hahere
546 1919 608 1963 uon
636 1898 750 1982 potuit,
779 1906 814 1963 01
843 1899 908 1963 11110
938 1898 1017 1964 10010
1041 1899 1219 1963 Anuacaua
1246 1897 1348 1984 philo·

120 2004 236 2088 sophia
260 2005 367 2088 magis
393 2025 568 2070 exornasse
591 2005 699 2070 fictam
724 2005 956 2070 Germanorum
980 2006 1122 2090 speciem
1146 2027 1242 2090 quam
1265 2026 1348 2072 com·

121 2121 212 2194 perta
236 2112 415 2178 tradidisse
438 2111 596 2178 rideatur.
643 2112 819 2177 Plurimum
844 2119 952 2176 autem
976 2112 1119 2177 Senecae
1142 2112 1349 2198 philosophia

121 2240 140 2282 a
177 2220 295 2285 Tacito
334 2225 491 2303 usurpata
528 2226 578 2284 cst
615 2219 647 2283 in
685 2218 907 2303 coruponendo
944 2219 1072 2303 libello,
1110 2220 1164 2303 qui
1196 2220 1350 2303 Agricola

122 2326 315 2392 inscribitur.
361 2325 476 2391 Melius
509 2326 604 2409 enim,
639 2327 666 2391 si
701 2327 846 2390 Senecae
878 2326 986 2392 verbis
1019 2327 1065 2391 uti
1094 2327 1183 2411 licet,
1215 2328 1350 2392 Tacitus

123 2453 269 2498 socerum
298 2433 483 2516 Agricolam
513 2433 696 2498 dclirnctunr
726 2433 879 2497 duraturo
908 2454 1035 2518 semper·
1060 2435 1188 2517 iugenio
1213 2455 1249 2499 sc
1276 2455 1350 2498 con·

124 2548 320 2607 sacraturum
346 2561 419 2607 csso
446 2547 549 2624 ratus,
578 2561 673 2623 (laam
703 2541 730 2605 si
755 2539 843 2605 irrito
869 2539 980 2605 dolore
1003 2540 1137 2625 lugeret,
1161 2541 1349 2607 memoriam

124 2648 189 2713 cius
223 2650 415 2733 scriptorum
448 2654 652 2712 urorruruento
685 2646 844 2731 produxit.
903 2648 1081 2730 [maginem
1114 2656 1222 2714 autern
1255 2649 1349 2713 huius

124 2754 180 2817 viri
204 2756 301 2840 quasi
325 2756 467 2841 speciem
495 2755 620 2819 honesti
650 2762 682 2820 01
716 2755 874 2839 eripientis
902 2754 1038 2819 Romani
1071 2757 1118 2820 ita
1151 2756 1283 2838 cllinxit,
1317 2762 1350 2820 ut

126 2859 269 2927 Senecae
292 2862 499 2947 philosophia
524 2868 673 2927 uteretur.
711 2841 819 2927 ¹Clara
847 2882 922 2926 vero
947 2862 1140 2928 documenta
1164 2864 1234 2928 eius
1257 2863 1347 2940 artis,

126 2987 186 3049 qua
210 2971 346 3036 Tacitus
377 2970 615 3055 philosophiam
646 2970 791 3035 Senecae
819 2968 861 3033 ad
885 2969 1053 3035 historiam
1083 2969 1348 3035 conscribendam

125 3074 280 3160 adhibuit,
309 3077 523 3142 Historiarum
551 3098 676 3160 quoquc
705 3077 778 3141 libri
802 3076 915 3160 ferunt,
944 3076 1060 3159 quibus
1089 3097 1141 3160 ca,
1170 3097 1254 3159 (quac
1278 3075 1348 3161 ipsc

126 3183 261 3261 uiderat,
286 3191 431 3269 tempora
455 3183 634 3268 descripsit.
686 3184 832 3267 Denique
862 3184 894 3247 in
923 3184 1094 3248 Annalium
1123 3184 1214 3248 libris
1243 3183 1350 3247 Taciti

128 3288 304 3375 ingenium,
330 3311 522 3374 quamquam
546 3312 567 3355 a
591 3292 732 3356 Scuccac
757 3290 964 3376 philosophia
988 3298 1019 3356 el
1042 3291 1116 3357 stilo
1140 3290 1269 3355 minime
1297 3312 1350 3355 ex-

128 3396 273 3485 solutum,
299 3398 464 3481 fastigium
489 3406 521 3463 et
544 3400 638 3481 quasi
662 3399 787 3463 culmen
810 3398 1002 3479 assequitur.
